4552 5880
1054 641 1300 758 ...ὅέ-

499 860 649 963 studiis
683 861 794 960 meis
829 852 1001 985 adesse,
1036 889 1282 994 novaeque
1296 852 1403 960 mihi
1428 855 1670 991 palaestrae
1693 887 1845 959 curam

497 1056 794 1198 committere
829 1051 1073 1177 voluistis,
1127 1086 1232 1153 curn
1280 1049 1678 1176 Professronena,
1713 1052 1844 1185 plane

495 1271 693 1367 novam,
717 1240 1080 1375 Pathologiae,
1102 1239 1677 1344 Medicinas'Practicae
1693 1316 1708 1366 ,
1722 1239 1847 1341 Ma·

496 1434 654 1532 tersae
681 1432 896 1533 medicae
912 1460 1052 1562 atque
1066 1431 1352 1535 Medicinae
1373 1433 1588 1566 For-ansts
1611 1429 1841 1532 instituere

495 1618 808 1723 decerneretis.

517 1868 521 1875 -
563 1803 669 1908 Into
703 1840 749 1907 et
776 1806 899 1909 ‘hanc
935 1837 1134 1912 vestram
1169 1817 1522 1936 auctoritatem,
1566 1810 1688 1911 hunc
1722 1839 1843 1908 anro-

493 2028 592 2096 rem
608 2029 653 2097 et
674 1996 879 2101 savorem
896 2030 1116 2126 vestrum,
1132 2000 1233 2106 Viri
1254 1998 1525 2138 gravissimis
1550 2007 1595 2098 in
1618 1997 1845 2098 consriiunr

494 2186 716 2290 advocare
751 2186 859 2289 mihi
893 2189 1049 2313 liceat,
1089 2221 1184 2321 quo
1220 2197 1362 2325 tnagis
1397 2196 1609 2289 certiores
1644 2218 1726 2289 vos
1750 2185 1844 2285 esse

492 2375 663 2499 velim,
715 2398 825 2473 non
856 2382 1009 2471 istam·
1036 2372 1146 2472 mihi
1195 2375 1336 2473 inesse
1371 2376 1603 2473 doctrinae
1637 2382 1841 2506 copiarn,

494 2593 632 2696 quam
672 2590 729 2659 *et
778 2557 1077 2686 Provinciae,
1133 2588 1291 2662 ame·
1320 2559 1585 2695 susceptae,
1621 2566 1732 2661 ratio
1766 2590 1844 2662 aut
1991 2667 1995 2673 ,

491 2748 589 2882 spes
624 2777 771 2848 vestra
804 2745 1063 2883 exspectare
1098 2748 1317 2853 videatur.
1387 2751 1501 2852 Non
1536 2757 1667 2886 igitur
1703 2751 1844 2851 multa

490 2944 788 3072 promittere,
828 2934 907 3036 sed
939 2937 1124 3074 insignia
1158 2938 1512 3041 benevolentiae·
1542 2971 1719 3042 vestrae
1766 2939 1844 3041 do·

490 3157 700 3227 cumenta
746 3123 992 3262 gratisfimo
1029 3155 1133 3222 cum
1184 3133 1335 3223 animo
1407 3128 1694 3258 rependere,
1762 3159 1841 3257 vo·

489 3315 645 3416 luntati
679 3344 816 3449 atque
852 3311 1203 3447 exspectationi,
1262 3346 1398 3448 quarn
1433 3312 1491 3414 de
1526 3348 1601 3414 me
1635 3313 1835 3440 habetis,

489 3503 752 3629 beneficae,
790 3532 1008 3639 quantum
1041 3505 1089 3599 in
1123 3531 1199 3597 rne
1235 3505 1348 3623 erit,
1383 3497 1661 3624 satisfacere,
1698 3533 1838 3634 atque

488 3691 560 3791 ilia
594 3696 743 3790 omnia
782 3693 841 3790 ad
872 3716 1044 3789 munus·
1067 3720 1223 3788 meum
1258 3686 1832 3823 pensumquerevocare,

491 3879 663 3982 summa
699 3876 835 3980 officii
868 3884 957 3980 mei
993 3885 1077 3979 erit
1110 3877 1279 4015 religio.
1312 3906 1317 3915 ·
1353 3879 1497 4018 Quod
1526 3878 1741 3982 srsedulo
1762 3887 1836 3982 'ita
1874 3939 1877 3944 ·

489 4100 687 4172 acturus·
717 4067 797 4168 snn
813 4145 835 4194 ,
882 4101 932 4167 ut
966 4101 1053 4167 nec
1087 4067 1178 4201 ipse
1212 4066 1348 4192 mihi,
1383 4102 1538 4205 neque
1573 4074 1710 4171 etiarn
1745 4069 1836 4206 spei

487 4292 666 4363 vestrae
705 4256 904 4360 'defuisse
951 4256 1083 4392 plane
1123 4254 1296 4389 judicer
1314 4333 1335 4383 ,.
1368 4291 1450 4361 vos
1461 4335 1481 4385 ,
1504 4258 1632 4367 =Viri
1664 4259 1840 4361 nobilis·

489 4451 610 4551 srmi!
666 4445 757 4549 hoc
806 4452 943 4549 anirni
989 4480 1035 4547 et
1082 4444 1218 4548 officii
1251 4454 1834 4586 gratioristestimoniam,

1092 4634 1145 4736 A
1180 4671 1215 4771 3
1750 4636 1831 4735 be·
