4552 5880
993 559 1278 688 ...38...

455 802 494 914 ,','
527 816 711 922 propter
759 790 807 886 iis
841 783 1047 919 abjectis,
1087 821 1139 889 ac
1172 789 1359 890 libertati
1392 792 1652 914 restitutus,
1687 791 1798 926 quid

455 1049 492 1100 „
529 1008 603 1075 me
639 985 685 1076 in
718 976 856 1076 arduo
906 1009 1043 1109 opere
1086 986 1241 1112 praxin
1286 979 1512 1082 medicam
1562 979 1799 1082 exercendi

454 1239 490 1288 „
528 1163 797 1292 suffulcitet,
815 1174 943 1267 anxie
979 1167 1187 1304 quaestui.
1257 1167 1532 1271 Observatio
1567 1199 1613 1268 et
1632 1167 1799 1296 Rati0‚

454 1351 572 1479 „hi
637 1354 726 1454 duo
792 1355 1055 1457 Medicinae
1114 1357 1344 1479 cardines,
1423 1355 1520 1474 sese
1568 1362 1800 1490 quaerenti
1888 1468 1894 1481 Ι

454 1618 489 1664 ,,
525 1542 798 1646 obtulerunt.
892 1546 1076 1649 Ambos
1131 1543 1421 1684 systematum
1470 1543 1800 1645 medicinalium

452 1805 487 1854 „
527 1729 761 1831 sectatores
811 1729 976 1870 magud
1018 1768 1081 1832 ex
1137 1765 1265 1868 parte
1321 1732 1556 1871 effugere,
1615 1735 1800 1836 tandem

451 1928 733 2058 „cognovi
823 1921 1035 2023 Genuina
1085 1929 1209 2022 enim
1265 1922 1517 2023 observ-atio
1565 1921 1623 2023 ibi
1652 1922 1799 2049 destt,

452 2186 488 2236 ,‚
519 2144 735 2247 oportet,
787 2111 865 2213 ubi
922 2111 1219 2214 observatoris
1269 2115 1484 2247 judicium
1527 2143 1802 2248 apraecott·

452 2377 488 2426 „
526 2302 654 2435 cept-i
708 2310 920 2437 opinione
970 2306 1174 2428 ducitur,
1228 2338 1314 2404 nec
1363 2304 1484 2406 sana
1521 2312 1634 2405 ratio
1689 2304 1801 2404 ultra

453 2488 680 2612 „limites
728 2496 1024 2624 experientiae
1070 2488 1287 2623 procedit.
1360 2488 1614 2622 Hujusmet
1648 2516 1801 2591 autern

454 2754 487 2803 „
524 2681 680 2778 limites
715 2686 761 2780 in
797 2679 927 2777 rebus
963 2678 1145 2777 medicis
1180 2677 1373 2776 statuere
1393 2753 1417 2800 ,‚
1444 2683 1599 2812 magni
1632 2682 1803 2812 ingenii

452 2896 700 2992 „tantum
751 2866 875 2984 labor
924 2865 1066 2987 esset,
1122 2866 1198 2965 nist
1259 2862 1416 2964 summi
1452 2872 1509 2962 in
1533 2894 1629 2962 arte
1663 2861 1798 2982 Viri,

453 3129 488 3177 ,‚
522 3059 637 3153 inter
667 3084 786 3185 'quos
818 3050 1009 3150 sufficiat
1052 3080 1531 3172 nrppocttnreru,
1590 3079 1800 3150 suueu-

430 3285 488 3367 ·,‚
524 3271 772 3363 unsrun,
809 3268 856 3338 et
905 3257 1254 3338 aneutvt-uut
1313 3239 1719 3362 com-memorasse,
1751 3234 1799 3339 id

453 3432 613 3561 „jam
669 3424 1002 3529 absolvissent..
1076 3426 1289 3560 Legant,
1341 3436 1598 3562 iterumque
1648 3429 1800 3562 legant

423 3642 488 3742 ·‚,
522 3619 696 3719 illorum
746 3650 916 3751 opera,
991 3622 1069 3749 qui
1129 3648 1284 3722 ‚veram
1319 3602 1585 3718 medicinam
1603 3679 1625 3741 ,-
1655 3648 1817 3763 artettt

456 3883 488 3931 „
527 3805 686 3907 scilicet
744 3804 1011 3937 reipublicae
1067 3838 1111 3903 et
1162 3806 1493 3939 aegrotantibus
1530 3804 1798 3927 salutarem,

455 4071 489 4120 ‚,
528 3995 754 4096 addiscere
791 3998 988 4127 cupiunt.
1042 3988 1544 4114 Videbunt,tnaximos
1565 3992 1659 4093 illos
1681 4000 1799 4093 viros

432 4222 491 4309 ·‚,
525 4220 551 4284 a
581 4189 744 4319 judicio
781 4190 893 4283 circa
928 4180 1073 4281 causas
1101 4189 1324 4314 proximas
1353 4181 1640 4305 morborum,
1664 4212 1798 4315 atque

430 4406 492 4501 ¹„
529 4374 777 4476 reconditas
821 4370 1255 4473 medicamentorum
1304 4376 1530 4494 actiones,
1576 4368 1671 4470 sere
1706 4399 1802 4467 on:-

1664 4631 1700 4679 „
1736 4560 1798 4653 ni·
1877 4587 1881 4593 ·
