<?xml version="1.0" encoding="UTF-8"?>
<!DOCTYPE html PUBLIC "-//W3C//DTD XHTML 1.0 Transitional//EN"
    "http://www.w3.org/TR/xhtml1/DTD/xhtml1-transitional.dtd">
<html xmlns="http://www.w3.org/1999/xhtml" xml:lang="en" lang="en">
 <head>
  <title>
</title>
<meta http-equiv="Content-Type" content="text/html;charset=utf-8" />
  <meta name='ocr-system' content='tesseract 3.04.00' />
  <meta name='ocr-capabilities' content='ocr_page ocr_carea ocr_par ocr_line ocrx_word'/>
</head>
<body>
  <div class='ocr_page' id='page_1' title='image "./oratiodeunaatqu00breggoog_0036.png"; bbox 0 0 4552 5880; ppageno 0'>
   <div class='ocr_carea' id='block_1_1' title="bbox 926 634 1293 739">
    <p class='ocr_par' dir='ltr' id='par_1_1' title="bbox 926 634 1293 739">
     <span class='ocr_line' id='line_1_1' title="bbox 926 634 1293 739; baseline -0.003 -50"><span class='ocrx_word' id='word_1_1' title='bbox 926 634 1293 739; x_wconf 47' lang='grc' dir='ltr'>...25η-</span> 
     </span>
    </p>
   </div>
   <div class='ocr_carea' id='block_1_2' title="bbox 389 832 1747 1724">
    <p class='ocr_par' dir='ltr' id='par_1_2' title="bbox 389 832 1747 1724">
     <span class='ocr_line' id='line_1_2' title="bbox 400 832 1742 977; baseline -0.005 -35"><span class='ocrx_word' id='word_1_2' title='bbox 400 916 438 972; x_wconf 83' lang='grc'><strong>,,</strong></span> <span class='ocrx_word' id='word_1_3' title='bbox 473 836 693 976; x_wconf 62' lang='lat' dir='ltr'><strong>detegatj</strong></span> <span class='ocrx_word' id='word_1_4' title='bbox 752 836 878 972; x_wconf 87' lang='lat' dir='ltr'><strong>quod</strong></span> <span class='ocrx_word' id='word_1_5' title='bbox 931 841 1129 977; x_wconf 81' lang='lat' dir='ltr'><strong>vigilanti</strong></span> <span class='ocrx_word' id='word_1_6' title='bbox 1172 832 1612 971; x_wconf 77' lang='lat' dir='ltr'><strong>incomprehensibile</strong></span> <span class='ocrx_word' id='word_1_7' title='bbox 1666 833 1742 935; x_wconf 83' lang='lat' dir='ltr'><strong>fit:</strong></span> 
     </span>
     <span class='ocr_line' id='line_1_3' title="bbox 390 1023 1741 1163; baseline -0.004 -38"><span class='ocrx_word' id='word_1_8' title='bbox 390 1025 782 1158; x_wconf 87' lang='lat' dir='ltr'><strong>„pulcerrimum</strong></span> <span class='ocrx_word' id='word_1_9' title='bbox 828 1025 1023 1161; x_wconf 90' lang='lat' dir='ltr'><strong>denique</strong></span> <span class='ocrx_word' id='word_1_10' title='bbox 1069 1023 1261 1163; x_wconf 85' lang='lat' dir='ltr'>systema</span> <span class='ocrx_word' id='word_1_11' title='bbox 1303 1032 1571 1124; x_wconf 86' lang='lat' dir='ltr'><strong>concinnare</strong></span> <span class='ocrx_word' id='word_1_12' title='bbox 1605 1055 1741 1157; x_wconf 88' lang='lat' dir='ltr'><strong>atque</strong></span> 
     </span>
     <span class='ocr_line' id='line_1_4' title="bbox 389 1209 1742 1348; baseline -0.003 -35"><span class='ocrx_word' id='word_1_13' title='bbox 389 1243 695 1348; x_wconf 86' lang='lat' dir='ltr'><strong>„apponere</strong></span> <span class='ocrx_word' id='word_1_14' title='bbox 739 1243 886 1311; x_wconf 93' lang='lat' dir='ltr'><strong>totum</strong></span> <span class='ocrx_word' id='word_1_15' title='bbox 936 1244 1081 1338; x_wconf 87' lang='lat' dir='ltr'><strong>teres,</strong></span> <span class='ocrx_word' id='word_1_16' title='bbox 1117 1211 1390 1337; x_wconf 86' lang='lat' dir='ltr'><strong>rotundum,</strong></span> <span class='ocrx_word' id='word_1_17' title='bbox 1439 1209 1742 1344; x_wconf 87' lang='lat' dir='ltr'><strong>omnibusque</strong></span> 
     </span>
     <span class='ocr_line' id='line_1_5' title="bbox 391 1397 1747 1536; baseline -0.002 -34"><span class='ocrx_word' id='word_1_18' title='bbox 391 1407 662 1529; x_wconf 85' lang='lat' dir='ltr'><strong>„numeris</strong></span> <span class='ocrx_word' id='word_1_19' title='bbox 721 1397 1002 1525; x_wconf 87' lang='lat' dir='ltr'><strong>absolutum,</strong></span> <span class='ocrx_word' id='word_1_20' title='bbox 1060 1408 1106 1501; x_wconf 91' lang='lat' dir='ltr'><strong>in</strong></span> <span class='ocrx_word' id='word_1_21' title='bbox 1165 1433 1259 1536; x_wconf 94' lang='lat' dir='ltr'><strong>quo</strong></span> <span class='ocrx_word' id='word_1_22' title='bbox 1302 1408 1468 1500; x_wconf 88' lang='lat' dir='ltr'><strong>tirones</strong></span> <span class='ocrx_word' id='word_1_23' title='bbox 1501 1399 1609 1499; x_wconf 89' lang='lat' dir='ltr'><strong>nihil</strong></span> <span class='ocrx_word' id='word_1_24' title='bbox 1649 1432 1747 1499; x_wconf 93' lang='lat' dir='ltr'><strong>non</strong></span> 
     </span>
     <span class='ocr_line' id='line_1_6' title="bbox 391 1586 1747 1724; baseline -0.004 -36"><span class='ocrx_word' id='word_1_25' title='bbox 391 1621 762 1724; x_wconf 82' lang='lat' dir='ltr'><strong>„exaequatum</strong></span> <span class='ocrx_word' id='word_1_26' title='bbox 819 1596 1061 1690; x_wconf 86' lang='lat' dir='ltr'><strong>inveniant.</strong></span> <span class='ocrx_word' id='word_1_27' title='bbox 1135 1588 1395 1687; x_wconf 88' lang='lat' dir='ltr'><strong>Laudatem</strong></span> <span class='ocrx_word' id='word_1_28' title='bbox 1448 1620 1496 1686; x_wconf 91' lang='lat' dir='ltr'><strong>et</strong></span> <span class='ocrx_word' id='word_1_29' title='bbox 1549 1617 1667 1724; x_wconf 89' lang='lat' dir='ltr'><strong>ego,</strong></span> <span class='ocrx_word' id='word_1_30' title='bbox 1713 1586 1747 1683; x_wconf 86' lang='lat' dir='ltr'><strong>fi</strong></span> 
     </span>
    </p>
   </div>
   <div class='ocr_carea' id='block_1_3' title="bbox 309 1765 1745 1911">
    <p class='ocr_par' dir='ltr' id='par_1_3' title="bbox 309 1765 1745 1911">
     <span class='ocr_line' id='line_1_7' title="bbox 309 1765 1745 1911; baseline -0.006 -33"><span class='ocrx_word' id='word_1_31' title='bbox 309 1897 312 1902; x_wconf 33' lang='grc'>,</span> <span class='ocrx_word' id='word_1_32' title='bbox 390 1851 426 1901; x_wconf 85' lang='grc'><strong>,,</strong></span> <span class='ocrx_word' id='word_1_33' title='bbox 462 1773 618 1911; x_wconf 80' lang='lat' dir='ltr'><strong>morbi</strong></span> <span class='ocrx_word' id='word_1_34' title='bbox 645 1765 924 1911; x_wconf 72' lang='lat' dir='ltr'><strong>¹opinionum</strong></span> <span class='ocrx_word' id='word_1_35' title='bbox 977 1780 1245 1873; x_wconf 86' lang='lat' dir='ltr'><strong>commentis</strong></span> <span class='ocrx_word' id='word_1_36' title='bbox 1288 1773 1527 1891; x_wconf 83' lang='lat' dir='ltr'><strong>cederent3</strong></span> <span class='ocrx_word' id='word_1_37' title='bbox 1582 1774 1745 1905; x_wconf 88' lang='lat' dir='ltr'><strong>fiquo</strong></span> 
     </span>
    </p>
   </div>
   <div class='ocr_carea' id='block_1_4' title="bbox 390 1958 1746 2848">
    <p class='ocr_par' dir='ltr' id='par_1_4' title="bbox 390 1958 1746 2848">
     <span class='ocr_line' id='line_1_8' title="bbox 391 1958 1744 2097; baseline -0.004 -33"><span class='ocrx_word' id='word_1_38' title='bbox 391 2038 428 2089; x_wconf 91' lang='lat'><strong>‚,</strong></span> <span class='ocrx_word' id='word_1_39' title='bbox 463 1964 695 2097; x_wconf 87' lang='lat' dir='ltr'>loquacior</span> <span class='ocrx_word' id='word_1_40' title='bbox 739 1960 957 2063; x_wconf 90' lang='lat' dir='ltr'><strong>Medicus</strong></span> <span class='ocrx_word' id='word_1_41' title='bbox 974 2035 990 2093; x_wconf 60' lang='lat'><em>2</em></span> <span class='ocrx_word' id='word_1_42' title='bbox 1040 1993 1098 2060; x_wconf 92' lang='lat' dir='ltr'><strong>eo</strong></span> <span class='ocrx_word' id='word_1_43' title='bbox 1142 1958 1386 2093; x_wconf 86' lang='lat' dir='ltr'>perfectior</span> <span class='ocrx_word' id='word_1_44' title='bbox 1432 1959 1574 2085; x_wconf 86' lang='lat' dir='ltr'>esset,</span> <span class='ocrx_word' id='word_1_45' title='bbox 1610 1959 1642 2059; x_wconf 84' lang='lat' dir='ltr'>fi</span> <span class='ocrx_word' id='word_1_46' title='bbox 1688 1958 1744 2059; x_wconf 87' lang='lat' dir='ltr'><strong>ad</strong></span> 
     </span>
     <span class='ocr_line' id='line_1_9' title="bbox 391 2143 1741 2289; baseline -0.001 -37"><span class='ocrx_word' id='word_1_47' title='bbox 391 2225 428 2276; x_wconf 84' lang='lat'><strong>,‚</strong></span> <span class='ocrx_word' id='word_1_48' title='bbox 464 2151 734 2289; x_wconf 86' lang='lat' dir='ltr'><strong>hypothesrn</strong></span> <span class='ocrx_word' id='word_1_49' title='bbox 780 2149 873 2250; x_wconf 88' lang='lat' dir='ltr'>sese</span> <span class='ocrx_word' id='word_1_50' title='bbox 912 2183 1065 2250; x_wconf 88' lang='lat' dir='ltr'><strong>natura</strong></span> <span class='ocrx_word' id='word_1_51' title='bbox 1115 2149 1237 2250; x_wconf 88' lang='lat' dir='ltr'><strong>flecti</strong></span> <span class='ocrx_word' id='word_1_52' title='bbox 1290 2143 1494 2288; x_wconf 84' lang='lat' dir='ltr'><strong>fingique</strong></span> <span class='ocrx_word' id='word_1_53' title='bbox 1557 2151 1741 2251; x_wconf 87' lang='lat' dir='ltr'><strong>smeret:</strong></span> 
     </span>
     <span class='ocr_line' id='line_1_10' title="bbox 391 2336 1746 2470; baseline 0.001 -34"><span class='ocrx_word' id='word_1_54' title='bbox 391 2414 429 2466; x_wconf 91' lang='lat'>„</span> <span class='ocrx_word' id='word_1_55' title='bbox 467 2339 622 2439; x_wconf 89' lang='lat' dir='ltr'><strong>saltem</strong></span> <span class='ocrx_word' id='word_1_56' title='bbox 666 2337 852 2437; x_wconf 88' lang='lat' dir='ltr'><strong>ferenda</strong></span> <span class='ocrx_word' id='word_1_57' title='bbox 894 2368 1129 2470; x_wconf 87' lang='lat' dir='ltr'><strong>putarem,</strong></span> <span class='ocrx_word' id='word_1_58' title='bbox 1166 2336 1197 2434; x_wconf 85' lang='lat' dir='ltr'>fi</span> <span class='ocrx_word' id='word_1_59' title='bbox 1241 2336 1332 2437; x_wconf 85' lang='lat' dir='ltr'><strong>sola</strong></span> <span class='ocrx_word' id='word_1_60' title='bbox 1363 2336 1607 2438; x_wconf 88' lang='lat' dir='ltr'><strong>Medicum</strong></span> <span class='ocrx_word' id='word_1_61' title='bbox 1643 2370 1746 2438; x_wconf 81' lang='lat' dir='ltr'><strong>con·</strong></span> 
     </span>
     <span class='ocr_line' id='line_1_11' title="bbox 390 2519 1744 2664; baseline -0.003 -37"><span class='ocrx_word' id='word_1_62' title='bbox 390 2604 428 2654; x_wconf 88' lang='lat'><strong>‚‚</strong></span> <span class='ocrx_word' id='word_1_63' title='bbox 464 2526 696 2664; x_wconf 85' lang='lat' dir='ltr'><strong>templario</strong></span> <span class='ocrx_word' id='word_1_64' title='bbox 737 2523 909 2626; x_wconf 88' lang='lat' dir='ltr'><strong>faceret</strong></span> <span class='ocrx_word' id='word_1_65' title='bbox 926 2519 946 2649; x_wconf 72' lang='lat'><strong>,&#39;</strong></span> <span class='ocrx_word' id='word_1_66' title='bbox 991 2557 1142 2660; x_wconf 89' lang='lat' dir='ltr'><strong>neque</strong></span> <span class='ocrx_word' id='word_1_67' title='bbox 1178 2520 1282 2623; x_wconf 86' lang='lat' dir='ltr'><strong>cum</strong></span> <span class='ocrx_word' id='word_1_68' title='bbox 1337 2523 1474 2627; x_wconf 84' lang='lat' dir='ltr'><strong>Praxi</strong></span> <span class='ocrx_word' id='word_1_69' title='bbox 1538 2524 1589 2624; x_wconf 94' lang='lat' dir='ltr'>T</span> <span class='ocrx_word' id='word_1_70' title='bbox 1591 2523 1744 2624; x_wconf 88' lang='lat' dir='ltr'><strong>heoria</strong></span> 
     </span>
     <span class='ocr_line' id='line_1_12' title="bbox 392 2702 1743 2848; baseline -0.004 -31"><span class='ocrx_word' id='word_1_71' title='bbox 392 2793 428 2843; x_wconf 91' lang='lat'>„</span> <span class='ocrx_word' id='word_1_72' title='bbox 464 2714 629 2848; x_wconf 89' lang='lat' dir='ltr'><strong>aliquid</strong></span> <span class='ocrx_word' id='word_1_73' title='bbox 657 2716 844 2816; x_wconf 88' lang='lat' dir='ltr'><strong>haberet</strong></span> <span class='ocrx_word' id='word_1_74' title='bbox 885 2746 1160 2839; x_wconf 86' lang='lat' dir='ltr'><strong>commune,</strong></span> <span class='ocrx_word' id='word_1_75' title='bbox 1192 2716 1333 2813; x_wconf 86' lang='lat' dir='ltr'><strong>suisve</strong></span> <span class='ocrx_word' id='word_1_76' title='bbox 1365 2702 1619 2839; x_wconf 84' lang='lat' dir='ltr'><strong>erroribus,</strong></span> <span class='ocrx_word' id='word_1_77' title='bbox 1666 2713 1743 2814; x_wconf 84' lang='lat' dir='ltr'><strong>fibi</strong></span> 
     </span>
    </p>
   </div>
   <div class='ocr_carea' id='block_1_5' title="bbox 392 2899 1747 3215">
    <p class='ocr_par' dir='ltr' id='par_1_5' title="bbox 392 2899 1747 3215">
     <span class='ocr_line' id='line_1_13' title="bbox 392 2899 1747 3028; baseline 0.003 -29"><span class='ocrx_word' id='word_1_78' title='bbox 392 2975 428 3028; x_wconf 90' lang='lat'>„</span> <span class='ocrx_word' id='word_1_79' title='bbox 467 2899 681 3027; x_wconf 87' lang='lat' dir='ltr'><strong>servatis,</strong></span> <span class='ocrx_word' id='word_1_80' title='bbox 719 2903 984 3003; x_wconf 89' lang='lat' dir='ltr'><strong>morborum</strong></span> <span class='ocrx_word' id='word_1_81' title='bbox 1040 2908 1286 3002; x_wconf 83' lang='lat' dir='ltr'><strong>curationes</strong></span> <span class='ocrx_word' id='word_1_82' title='bbox 1336 2936 1432 3004; x_wconf 95' lang='lat' dir='ltr'><strong>non</strong></span> <span class='ocrx_word' id='word_1_83' title='bbox 1474 2910 1747 3003; x_wconf 86' lang='lat' dir='ltr'><strong>contamina·</strong></span> 
     </span>
     <span class='ocr_line' id='line_1_14' title="bbox 392 3087 1742 3215; baseline -0.001 -29"><span class='ocrx_word' id='word_1_84' title='bbox 392 3118 547 3212; x_wconf 85' lang='lat' dir='ltr'><strong>„ret</strong></span> <span class='ocrx_word' id='word_1_85' title='bbox 631 3087 813 3190; x_wconf 89' lang='lat' dir='ltr'><strong>Verum</strong></span> <span class='ocrx_word' id='word_1_86' title='bbox 870 3093 1001 3182; x_wconf 87' lang='lat' dir='ltr'><strong>nimis</strong></span> <span class='ocrx_word' id='word_1_87' title='bbox 1051 3087 1257 3215; x_wconf 83' lang='lat' dir='ltr'><strong>profecto</strong></span> <span class='ocrx_word' id='word_1_88' title='bbox 1309 3087 1597 3183; x_wconf 88' lang='lat' dir='ltr'><strong>manifestum</strong></span> <span class='ocrx_word' id='word_1_89' title='bbox 1649 3117 1742 3212; x_wconf 90' lang='lat' dir='ltr'><strong>est,</strong></span> 
     </span>
    </p>
   </div>
   <div class='ocr_carea' id='block_1_6' title="bbox 325 3272 1778 4709">
    <p class='ocr_par' dir='ltr' id='par_1_6' title="bbox 325 3272 1778 4709">
     <span class='ocr_line' id='line_1_15' title="bbox 335 3272 1746 3409; baseline 0.001 -36"><span class='ocrx_word' id='word_1_90' title='bbox 335 3284 343 3299; x_wconf 86' lang='lat'><em>&#39;</em></span> <span class='ocrx_word' id='word_1_91' title='bbox 394 3348 430 3398; x_wconf 91' lang='lat'>„</span> <span class='ocrx_word' id='word_1_92' title='bbox 468 3272 823 3409; x_wconf 84' lang='lat' dir='ltr'><strong>quamplurima,</strong></span> <span class='ocrx_word' id='word_1_93' title='bbox 861 3303 949 3371; x_wconf 91' lang='lat' dir='ltr'><strong>nee</strong></span> <span class='ocrx_word' id='word_1_94' title='bbox 978 3277 1105 3406; x_wconf 89' lang='lat' dir='ltr'><strong>parvi</strong></span> <span class='ocrx_word' id='word_1_95' title='bbox 1133 3277 1387 3398; x_wconf 88' lang='lat' dir='ltr'><strong>momenti,</strong></span> <span class='ocrx_word' id='word_1_96' title='bbox 1411 3273 1527 3374; x_wconf 84' lang='lat' dir='ltr'><strong>mala</strong></span> <span class='ocrx_word' id='word_1_97' title='bbox 1557 3306 1614 3374; x_wconf 86' lang='lat' dir='ltr'><strong>ex</strong></span> <span class='ocrx_word' id='word_1_98' title='bbox 1655 3273 1746 3377; x_wconf 91' lang='lat' dir='ltr'><strong>hoc</strong></span> 
     </span>
     <span class='ocr_line' id='line_1_16' title="bbox 325 3458 1677 3595; baseline -0.002 -30"><span class='ocrx_word' id='word_1_99' title='bbox 325 3496 328 3501; x_wconf 90' lang='grc'><em>·</em></span> <span class='ocrx_word' id='word_1_100' title='bbox 394 3540 431 3590; x_wconf 89' lang='lat'>„</span> <span class='ocrx_word' id='word_1_101' title='bbox 467 3464 596 3566; x_wconf 89' lang='lat' dir='ltr'><strong>fonte</strong></span> <span class='ocrx_word' id='word_1_102' title='bbox 624 3472 681 3595; x_wconf 10' lang='lat' dir='ltr'><strong>&#39;in</strong></span> <span class='ocrx_word' id='word_1_103' title='bbox 723 3470 884 3565; x_wconf 90' lang='lat' dir='ltr'><strong>artium</strong></span> <span class='ocrx_word' id='word_1_104' title='bbox 917 3465 1333 3595; x_wconf 79' lang='lat' dir='ltr'><strong>praestantissimam</strong></span> <span class='ocrx_word' id='word_1_105' title='bbox 1369 3458 1569 3562; x_wconf 89' lang='lat' dir='ltr'><strong>invehi.&#39;&#39;</strong></span> <span class='ocrx_word' id='word_1_106' title='bbox 1593 3463 1677 3594; x_wconf 48' lang='grc' dir='ltr'><strong>(θ)</strong></span> 
     </span>
     <span class='ocr_line' id='line_1_17' title="bbox 464 3645 1746 3787; baseline -0.003 -32"><span class='ocrx_word' id='word_1_107' title='bbox 464 3650 629 3787; x_wconf 90' lang='lat' dir='ltr'>Atque</span> <span class='ocrx_word' id='word_1_108' title='bbox 669 3655 761 3775; x_wconf 86' lang='lat' dir='ltr'><strong>ita,</strong></span> <span class='ocrx_word' id='word_1_109' title='bbox 797 3649 1079 3774; x_wconf 91' lang='lat' dir='ltr'><strong>Auditores‚</strong></span> <span class='ocrx_word' id='word_1_110' title='bbox 1133 3647 1164 3748; x_wconf 89' lang='lat' dir='ltr'><strong>sr</strong></span> <span class='ocrx_word' id='word_1_111' title='bbox 1206 3646 1467 3751; x_wconf 86' lang='lat' dir='ltr'><strong>Medicinae</strong></span> <span class='ocrx_word' id='word_1_112' title='bbox 1518 3645 1746 3752; x_wconf 85' lang='lat' dir='ltr'><strong>historiam</strong></span> 
     </span>
     <span class='ocr_line' id='line_1_18' title="bbox 395 3836 1746 3976; baseline 0.003 -37"><span class='ocrx_word' id='word_1_113' title='bbox 395 3871 558 3942; x_wconf 91' lang='lat' dir='ltr'><strong>testem</strong></span> <span class='ocrx_word' id='word_1_114' title='bbox 602 3840 904 3976; x_wconf 87' lang='lat' dir='ltr'><strong>appellamus,</strong></span> <span class='ocrx_word' id='word_1_115' title='bbox 939 3838 1081 3966; x_wconf 88' lang='lat' dir='ltr'><strong>illam,</strong></span> <span class='ocrx_word' id='word_1_116' title='bbox 1120 3873 1146 3939; x_wconf 87' lang='lat' dir='ltr'><strong>a</strong></span> <span class='ocrx_word' id='word_1_117' title='bbox 1191 3843 1341 3973; x_wconf 88' lang='lat' dir='ltr'><strong>priscis</strong></span> <span class='ocrx_word' id='word_1_118' title='bbox 1393 3836 1499 3941; x_wconf 89' lang='lat' dir='ltr'><strong>inde</strong></span> <span class='ocrx_word' id='word_1_119' title='bbox 1535 3845 1746 3976; x_wconf 89' lang='lat' dir='ltr'><strong>tempori·</strong></span> 
     </span>
     <span class='ocr_line' id='line_1_19' title="bbox 396 4025 1746 4165; baseline -0.009 -26"><span class='ocrx_word' id='word_1_120' title='bbox 396 4029 479 4139; x_wconf 84' lang='lat' dir='ltr'><strong>bus</strong></span> <span class='ocrx_word' id='word_1_121' title='bbox 527 4062 672 4165; x_wconf 89' lang='lat' dir='ltr'><strong>usque</strong></span> <span class='ocrx_word' id='word_1_122' title='bbox 725 4031 784 4132; x_wconf 87' lang='lat' dir='ltr'><strong>ad</strong></span> <span class='ocrx_word' id='word_1_123' title='bbox 837 4056 1030 4130; x_wconf 83' lang='lat' dir='ltr'><strong>aetatem</strong></span> <span class='ocrx_word' id='word_1_124' title='bbox 1082 4056 1307 4155; x_wconf 86' lang='lat' dir='ltr'><strong>nostram,</strong></span> <span class='ocrx_word' id='word_1_125' title='bbox 1365 4025 1654 4165; x_wconf 84' lang='lat' dir='ltr'><strong>systematum</strong></span> <span class='ocrx_word' id='word_1_126' title='bbox 1697 4056 1746 4129; x_wconf 90' lang='lat' dir='ltr'><strong>et</strong></span> 
     </span>
     <span class='ocr_line' id='line_1_20' title="bbox 1657 4216 1748 4358; baseline 0 -35"><span class='ocrx_word' id='word_1_127' title='bbox 1657 4216 1748 4358; x_wconf 60' lang='lat' dir='ltr'><strong>hy}</strong></span> 
     </span>
     <span class='ocr_line' id='line_1_21' title="bbox 445 4392 1778 4558; baseline -0.002 -26"><span class='ocrx_word' id='word_1_128' title='bbox 445 4453 517 4556; x_wconf 83' lang='lat'><strong>(*)</strong></span> <span class='ocrx_word' id='word_1_129' title='bbox 536 4457 570 4557; x_wconf 90' lang='lat' dir='ltr'><strong>J.</strong></span> <span class='ocrx_word' id='word_1_130' title='bbox 592 4457 642 4534; x_wconf 87' lang='lat' dir='ltr'><strong>D.</strong></span> <span class='ocrx_word' id='word_1_131' title='bbox 667 4461 868 4553; x_wconf 68' lang='lat' dir='ltr'><strong>Graan,</strong></span> <span class='ocrx_word' id='word_1_132' title='bbox 892 4452 969 4558; x_wconf 75' lang='lat' dir='ltr'><strong>lost.</strong></span> <span class='ocrx_word' id='word_1_133' title='bbox 993 4398 1098 4531; x_wconf 68' lang='lat' dir='ltr'><strong>Paro.</strong></span> <span class='ocrx_word' id='word_1_134' title='bbox 1122 4457 1199 4533; x_wconf 77' lang='lat' dir='ltr'><strong>ned.</strong></span> <span class='ocrx_word' id='word_1_135' title='bbox 1222 4459 1255 4530; x_wconf 79' lang='lat' dir='ltr'><strong>tn</strong></span> <span class='ocrx_word' id='word_1_136' title='bbox 1277 4451 1434 4555; x_wconf 61' lang='lat' dir='ltr'><strong>Praffat.</strong></span> <span class='ocrx_word' id='word_1_137' title='bbox 1774 4392 1778 4398; x_wconf 84' lang='lat'>-</span> 
     </span>
     <span class='ocr_line' id='line_1_22' title="bbox 469 4600 1107 4709; baseline -0.003 2"><span class='ocrx_word' id='word_1_138' title='bbox 469 4622 474 4646; x_wconf 82' lang='grc'><strong>’·</strong></span> <span class='ocrx_word' id='word_1_139' title='bbox 1053 4600 1107 4709; x_wconf 93' lang='grc' dir='ltr'><strong>Ι)</strong></span> 
     </span>
    </p>
   </div>
   <div class='ocr_carea' id='block_1_7' title="bbox 0 0 2287 5876">
    <p class='ocr_par' dir='ltr' id='par_1_7' title="bbox 0 0 2287 5876">
     <span class='ocr_line' id='line_1_23' title="bbox 0 0 2287 5876; baseline 0 0"><span class='ocrx_word' id='word_1_140' title='bbox 0 0 2287 5876; x_wconf 95' lang='lat' dir='ltr'><strong> </strong></span> 
     </span>
    </p>
   </div>
  </div>
 </body>
</html>
