4552 5880
1029 549 1274 664 34⁷...

375 893 380 903 ,
470 790 726 889 amantem,
761 759 995 866 voluntate
1005 834 1022 886 ,
1055 763 1258 880 confido,
1293 757 1451 866 auxilio
1478 760 1605 891 juvet
1639 783 1717 860 aut
1742 757 1815 859 ad·

465 959 629 1090 juvet,
663 957 722 1087 ita
755 980 803 1052 et
835 984 918 1056 vos
931 1028 948 1079 ,
978 949 1083 1060 Viri
1117 950 1423 1079 eruditissrmi,
1442 981 1519 1054 me
1544 946 1667 1052 velut
1699 947 1817 1048 labo·

470 1174 574 1243 rum
632 1139 802 1243 socium
849 1146 1100 1275 recipiatis,
1158 1140 1455 1265 subveniatis,
1506 1137 1740 1242 sublevetis
1773 1167 1818 1236 et

473 1334 755 1459 sustentetis,
792 1365 876 1465 pro
913 1329 1090 1435 scholae
1123 1362 1303 1434 nostrae
1335 1330 1649 1434 celeberrimae
1670 1357 1822 1429 neces·

475 1523 689 1650 fitudine,
740 1556 821 1622 oro
871 1553 1010 1657 atque
1057 1523 1272 1627 obtestor.
1342 1524 1514 1624 Favete
1548 1521 1658 1622 mihi
1691 1527 1822 1656 igitur

477 1742 526 1870 et
560 1739 708 1811 amate
741 1744 857 1838 uos,
897 1742 1094 1844 quorum
1129 1720 1394 1837 caritatem,
1431 1708 1823 1833 benevolentiam,

478 1899 713 2003 subiidium
765 1932 813 2002 et
861 1901 1125 2034 praesidium
1173 1899 1401 2037 implum,
1460 1932 1595 2036 atque
1650 1932 1725 2000 me
1780 1906 1828 1997 in

479 2123 677 2201 vestram
724 2122 807 2193 vos
857 2097 1042 2228 recipite
1076 2089 1249 2216 fidem,
1298 2088 1455 2224 quibus
1491 2095 1717 2226 integrum
1752 2108 1828 2184 me
1880 2070 1884 2074 ⁴

477 2312 722 2414 totumque
773 2280 981 2407 tradere,
1034 2312 1142 2381 cura
1184 2278 1294 2380 mihi
1341 2289 1424 2384 erit
1470 2281 1640 2379 summa
1674 2309 1721 2376 et
1756 2276 1831 2377 de·

479 2468 676 2570 lectatio.

550 2656 618 2761 Et
650 2687 736 2759 vos
768 2655 1016 2760 Auditores
1070 2653 1395 2758 humanissimi!
1449 2686 1554 2757 cum
1606 2661 1833 2764 Orationis
1964 2781 1967 2788 ²

483 2875 803 2984 argumentum
872 2843 1147 2982 aggredior,
1226 2842 1382 2944 adeste
1444 2851 1598 2981 aequis
1660 2843 1834 2945 auribus
1902 2832 1905 2837 ’

484 3066 652 3170 meque
684 3030 961 3136 humanitate
996 3064 1043 3134 et
1078 3031 1396 3136 benevolentii
1425 3032 1662 3134 sublevetis
1683 3020 1867 3136 velim'

484 3223 656 3329 Dicam
691 3230 853 3361 igitur3
1093 3196 1097 3200 λ
1677 3196 1680 3201 ’

557 3414 638 3516 De
671 3413 770 3514 und
806 3439 954 3548 atque
979 3408 1100 3546 soli
1134 3407 1257 3531 via,
1286 3435 1380 3543 pro
1417 3408 1659 3506 hodiernis
1691 3415 1838 3554 Artis

488 3598 563 3703 M
560 3603 726 3700 edicas
775 3603 1106 3720 incrementis,
1167 3623 1264 3695 tum
1315 3595 1391 3695 ad
1433 3597 1646 3732 artificis
1684 3597 1839 3733 soler·

491 3791 653 3911 tium,
707 3814 805 3886 tum
860 3788 937 3889 nd
983 3816 1140 3894 artem
1192 3782 1354 3924 ipsum
1405 3789 1838 3926 amplificandam,

401 4013 404 4018 ’
490 3977 586 4078 rite
622 3973 842 4078 ineundi.
