4552 5880
976 593 1050 630 ι·-
1083 563 1150 669 30
1185 586 1257 617 ···

393 871 396 879 ,
441 770 484 884 3,
520 764 566 858 in
617 755 800 860 dubium
849 775 1001 869 vocari
1056 773 1223 903 poterit
1255 761 1388 899 (⁰)l’
1457 763 1600 870 Haec
1634 768 1789 901 itaque

312 1068 314 1072 ,
444 947 669 1048 ineunda---
701 955 784 1048 erit
836 958 937 1080 via,
991 953 1080 1088 qui
1130 955 1210 1053 ad·
1236 950 1379 1088 ipsam
1427 960 1492 1055 rei
1547 985 1789 1080 naturam,

444 1140 718 1274 experiential
777 1141 923 1271 duce,
981 1147 1347 1284 cognoscendum
1399 1156 1519 1274 etit,
1576 1146 1701 1282 quod
1740 1155 1788 1251 in

443 1337 569 1430 omni
625 1365 831 1469 tempore
891 1369 1027 1474 atque
1085 1338 1315 1439 occasione
1365 1338 1553 1471 aequale
1614 1335 1789 1476 semper

438 1517 517 1642 fit,
553 1522 676 1656 quod
712 1522 927 1658 subjectas
961 1526 1038 1629 srbi
1075 1526 1237 1629 lrabeat
1269 1526 1603 1628 observationes
1640 1559 1791 1626 rerum

441 1738 550 1808 vere
606 1717 932 1837 existentium,⁴
977 1720 1142 1846 pariter
1197 1747 1302 1814 cum
1364 1723 1570 1816 examine
1615 1715 1792 1817 illorum

439 1906 680 2028 omnium,
732 1936 849 2037 quae
896 1903 971 2004 vel
1010 1903 1330 2042 Phystologia,
1387 1904 1462 2005 vel
1497 1905 1788 2029 Anatomia,

440 2123 518 2192 aut
554 2089 742 2194 Chemia
754 2168 770 2217 ,
803 2089 965 2193 afferre
1008 2101 1196 2227 poterit,
1233 2092 1307 2194 vel
1342 2094 1529 2194 tandem
1565 2093 1693 2230 quod
1733 2093 1792 2194 de

439 2281 593 2381 multisv
610 2282 902 2414 peculiaribus
931 2287 1030 2383 veti
1059 2287 1251 2382 nominis
1277 2281 1581 2383 consectaneis
1619 2314 1792 2384 novam

440 2465 774 2567 conclusionem
820 2464 1061 2592 abstrahit,
1096 2477 1253 2600 postea
1299 2498 1411 2567 vero
1460 2464 1791 2568 observationes

438 2654 669 2757 universae
708 2662 821 2755 inter
868 2653 914 2754 se
961 2684 1221 2788 comparat,
1255 2653 1313 2755 ad
1362 2652 1692 2756 invenitmdunt
1732 2654 1790 2753 la·

436 2842 586 2975 pidem
626 2845 913 2979 angularem,
950 2876 1043 2987 quo
1079 2875 1240 2946 omnes
1276 2842 1460 2946 aedilicii
1495 2874 1643 2974 parret
1667 2874 1791 2998 netru

434 3028 675 3132 arctissimo
726 3033 1070 3164 conjungantur.
1116 3082 1151 3095 ··
1247 3125 1249 3129 ,

502 3221 870 3354 Experimtiam,
926 3221 1088 3353 igitur,
1141 3217 1389 3319 medicinae
1442 3216 1790 3320 fundamentum

433 3441 766 3552 agnoscamus,
802 3406 879 3508 sed
926 3439 1027 3506 eam
1068 3402 1205 3506 solam
1242 3440 1341 3510 non
1376 3405 1584 3509 sufficere
1630 3407 1790 3508 statua·

432 3636 559 3728 mus,
633 3599 921 3731 conjunctam
990 3629 1105 3697 vero
1164 3628 1269 3698 cum
1332 3594 1505 3697 theorii
1560 3595 1789 3726 rationali,

433 3823 553 3925 quae
600 3746 932 3890 observationes
990 3817 1150 3886 omnes
1192 3817 1239 3884 et
1280 3785 1460 3917 plenam
1523 3782 1788 3885 morborum

431 3976 658 4083 historiam
692 3981 809 4077 inter
851 3968 900 4073 se
945 4002 1137 4073 etcum
1185 3971 1403 4108 praesenti
1450 3973 1614 4075 morbo
1667 4005 1787 4075 com·

543 4222 546 4229 ,
813 4219 833 4244 .„
1686 4250 1706 4257 ..
1746 4195 1788 4262 a·

439 4419 442 4422 Ι
478 4327 548 4428 (a)
572 4329 613 4402 E.
647 4327 837 4427 nogat„
874 4326 947 4414 ibat
979 4325 1040 4397 den
1076 4319 1199 4401 Wma
1235 4324 1289 4395 det
1321 4317 1566 4421 manumiſsam
1591 4195 1785 4439 Effalstlug

432 4483 496 4585 ancl
520 4479 593 4556 iiber
616 4481 665 4552 dic
689 4475 801 4549 Mltrel
814 4473 864 4569 fia
886 4495 933 4548 atu
958 4473 1116 4573 erlangen.
1161 4470 1276 4552 Berlin
1303 4469 1407 4571 1807.
1432 4475 1466 4548 S.
1492 4469 1525 4550 8.
1548 4496 1618 4574 sqq.
1643 4474 1651 4482 ’
