4552 5880
1026 605 1308 714 ..15-

492 807 783 948 praevaluit,
841 808 931 947 qud
986 843 1195 914 naturam
1261 809 1420 945 sequi,
1478 811 1662 945 ejusque
1725 813 1842 910 vires

496 1003 834 1128 medicatrices,
912 1036 971 1103 ex
1025 1007 1225 1143 magistri
1281 1006 1440 1135 optimi
1498 1032 1640 1126 vom,
1701 1006 1842 1137 magis

495 1197 728 1292 aestimare
775 1221 1038 1322 coeperunt.
1132 1188 1299 1293 Aditus
1343 1172 1433 1289 'fuit
1484 1187 1622 1325 longe
1677 1185 1845 1287 facilior

496 1375 803 1513 componendi
849 1375 948 1482 lites
1001 1376 1247 1478 admodum
1280 1375 1458 1502 futiles,
1498 1409 1614 1511 quae
1651 1374 1758 1483 olim
1799 1379 1846 1474 in

494 1563 763 1698 Pathologii
803 1561 1019 1665 humorali
1057 1597 1134 1666 aut
1163 1563 1352 1665 nervosi
1383 1564 1693 1680 obtinuerant3
1728 1562 1848 1663 illam

497 1763 628 1855 certis
677 1750 1082 1853 circumscribendo
1134 1750 1376 1875 hmitibus‚
1425 1749 1544 1851 hanc
1592 1749 1849 1853 illustrando

495 1944 787 2081 partibusque
850 1941 992 2046 solidis
1039 1942 1241 2046 vitalibus
1277 1945 1498 2047 utiliorem
1543 1976 1589 2045 et
1629 1943 1851 2046 efficacio-

497 2171 594 2240 rem
631 2135 864 2239 reddendo
900 2142 1019 2263 vim,
1044 2170 1164 2273 quae
1205 2137 1389 2241 tandem
1435 2135 1729 2274 disputatores
1763 2138 1848 2237 fer·

497 2329 625 2432 vidos
674 2329 732 2428 de
790 2325 986 2426 efficacii
1063 2326 1498 2428 medicamentorum
1553 2335 1600 2426 in
1652 2326 1849 2458 partibus

495 2517 711 2650 Corporis
760 2514 972 2617 Humani
1015 2513 1158 2616 solidis
1201 2544 1249 2613 et
1296 2512 1441 2615 fluidis
1486 2514 1543 2614 ad
1594 2512 1851 2626 altishmum

493 2705 713 2806 filentium
756 2703 944 2840 redegit.

562 2889 837 3026 Cognitione
878 2888 1092 3025 Physrces
1119 2866 1299 2991 ¹mirum
1336 2897 1382 2991 in
1420 2889 1609 2992 modum
1641 2889 1845 3014 adaucta,

494 3084 653 3178 nostris
684 3076 871 3210 quidem
898 3074 1053 3173 diebus
1082 3072 1398 3201 Philosophia,
1432 3110 1570 3207 quam
1627 3083 1849 3179 criticam

494 3263 722 3399 appellant
733 3337 750 3386 ,
806 3265 1023 3359 terminos
1067 3255 1276 3359 scientiae
1325 3265 1536 3359 arctiores
1591 3261 1821 3364 constituit
1833 3303 1848 3380 ;

492 3459 663 3577 varias,
717 3480 836 3583 quae
897 3447 1005 3546 olim
1053 3452 1323 3567 extiterant,
1373 3445 1565 3570 docendi
1598 3449 1849 3557 methodos

494 3641 686 3737 examini
744 3639 1002 3734 accuratiori
1046 3628 1257 3762 subjecit3
1308 3637 1543 3764 opiniones
1582 3645 1849 3773 antiquitatis

494 3830 657 3956 priscas
706 3850 751 3920 et
803 3818 1108 3946 venerandas,
1156 3817 1294 3918 veluti
1344 3819 1498 3934 dubias
1537 3825 1669 3925 valde
1706 3858 1751 3935 et
1787 3834 1850 3927 in·

496 4043 671 4132 certas,
729 4013 1020 4139 provocavit3
1099 4011 1334 4108 innumera
1385 4007 1481 4108 fere
1544 4020 1848 4147 organismum

495 4210 590 4309 rite·
614 4195 899 4299 examinandi
924 4201 1106 4297 inventa
1137 4203 1406 4330 progenuit,
1428 4230 1564 4335 atque
1593 4203 1684 4305 hoc
1714 4237 1847 4338 pacto

495 4384 702 4491 inductae
745 4384 932 4489 fuerunt
995 4415 1155 4484 omnes
1209 4414 1357 4488 novae
1412 4387 1510 4491 illae
1554 4421 1605 4493 et
1651 4395 1846 4529 grandes

1779 4613 1845 4680 ar·
