4552 5880
1112 623 1393 692 ...Ῑο-.-

578 818 918 959 philosophandi
957 828 1085 931 'ratio
1151 820 1440 945 scholastica,
1500 833 1605 924 cum
1662 824 1928 953 conjecturis

575 1040 754 1143 praeter
799 1005 1006 1109 sensuum
1048 1007 1221 1136 effata,
1273 1009 1522 1110 scholarum
1565 1009 1793 1134 formulis,
1833 1011 1928 1115 sen·

575 1206 720 1298 tentiis
751 1229 889 1331 arque
924 1198 1105 1325 verbis,
1141 1206 1453 1339 cognitionem
1489 1195 1628 1332 ipsam
1667 1203 1927 1330 empiricam

572 1384 648 1486 fibi
696 1384 912 1516 subjecit,
947 1386 1063 1486 adeo
1113 1418 1163 1487 ut
1211 1388 1299 1522 ipsa
1348 1387 1462 1488 haec
1516 1381 1925 1520 philosophantium

571 1571 718 1673 schola
756 1605 803 1671 et
851 1574 1094 1675 abstractas
1139 1583 1377 1700 notiones,
1414 1607 1461 1673 et
1502 1606 1642 1675 onme
1673 1578 1794 1672 istius
1827 1604 1926 1670 eru·

569 1763 745 1865 ditionis
787 1796 963 1902 genus,
1013 1771 1125 1899 quin
1166 1795 1214 1863 et
1257 1765 1473 1866 vocabula
1515 1765 1602 1898 ipsa
1646 1793 1803 1863 tenere
1847 1792 1924 1863 aut

567 1954 812 2091 intelligere
858 1952 946 2053 sola
1002 1961 1080 2054 vix
1132 1986 1185 2052 ac
1236 1986 1297 2052 ne
1340 1961 1417 2055 vix
1465 1950 1652 2088 quidem
1704 1957 1919 2084 potuerit.

567 2141 662 2276 Qui
729 2140 925 2241 scholam
989 2141 1368 2277 Hippocraticam
1429 2139 1760 2273 sequebantur,
1832 2136 1922 2234 hoc

564 2326 902 2460 philosophandi
946 2362 1089 2461 genus
1132 2362 1396 2462 oppugnare
1439 2325 1737 2425 vehementer
1780 2331 1923 2424 coacti

564 2510 761 2615 fuerunt.
849 2511 976 2615 Mox
1027 2544 1178 2612 autem
1236 2513 1294 2613 ad
1348 2545 1485 2614 castra
1538 2511 1921 2650 Dogmaricorum

563 2734 609 2803 et
626 2764 633 2778 ·
649 2699 994 2834 Disputantium
1035 2732 1356 2835 pervenerunt.
1429 2702 1715 2803 Restauratis
1754 2702 1918 2824 literis,

561 2924 736 2993 novum
795 2898 841 2992 in
895 2891 988 2992 dies
1045 2900 1246 3024 apparuit
1298 2892 1525 3026 systema,
1577 2923 1602 2985 a
1644 2886 1918 3022 philosophis

550 3087 795 3183 inventum
844 3108 980 3212 atque
1038 3076 1273 3176 inductum
1288 3151 1304 3199 ‚
1354 3076 1480 3208 quod
1521 3075 1648 3175 facile
1690 3075 1748 3174 ad
1782 3075 1919 3174 scien·

560 3274 669 3368 tiam
711 3296 866 3366 veram
916 3293 961 3361 et
1003 3292 1267 3398 germanam
1310 3263 1586 3380 retulerunt3
1640 3296 1776 3401 atque
1810 3261 1916 3364 hinc

553 3483 889 3586 nonnunquam
923 3450 1019 3555 Ars
1065 3447 1159 3584 ipsa
1214 3482 1389 3549 vestem
1436 3453 1631 3585 aliquam
1680 3458 1914 3585 mijsticam

551 3642 734 3767 induit,
771 3637 862 3773 qui
909 3644 1217 3773 cognitionem
1265 3640 1401 3772 ipsam
1446 3640 1524 3740 nisa
1566 3641 1638 3742 vel
1691 3639 1748 3738 ad
1798 3637 1912 3740 suur-

558 3863 686 3933 mum
728 3831 926 3929 veritatis
979 3824 1157 3926 culmen
1193 3825 1457 3951 elevarunt,
1508 3824 1724 3926 defiderio
1756 3858 1911 3927 tamen

560 4021 639 4126 suo
670 4050 715 4118 et
750 4012 980 4152 hijpothesr
992 4092 1010 4141 ‚
1032 4016 1177 4118 verbis
1209 4017 1402 4120 barbaris
1438 4050 1484 4118 et
1519 4022 1697 4155 poetico
1729 4019 1909 4122 dicendi

558 4241 755 4350 genere,
814 4203 1132 4311 satisfecerunt.

452 4438 461 4451 ’
613 4397 788 4534 Atque
830 4391 943 4498 haec
991 4393 1092 4499 sunt
1138 4393 1207 4498 illa
1249 4392 1472 4498 literarum
1498 4394 1669 4523 stadia,
1706 4425 1825 4532 quae
1855 4399 1902 4495 in

1792 4579 1904 4686 Me-
