4552 5880
467 754 798 858 observationes
826 782 906 854 et·
926 752 1190 856 morborum
1235 752 1492 876 historiam,
1540 754 1811 885 experientia

464 941 680 1044 rationalis
715 972 761 1040 et
800 936 898 1041 satis
919 940 1038 1040 bene
1070 970 1193 1040 certa
1216 937 1460 1064 efficietur,
1496 971 1594 1038 tum
1621 970 1689 1037 ars
1723 935 1811 1069 ipsa

463 1164 511 1232 et
545 1129 721 1233 scientia
743 1129 800 1230 ad
822 1127 1045 1231 summum
1066 1129 1289 1268 fastigium
1310 1159 1611 1264 perventurae
1630 1159 1776 1252 erunt.

356 1355 360 1363 ·
511 1364 517 1401 1
531 1320 752 1456 Denique
807 1328 900 1453 pari
959 1354 1063 1423 cum
1126 1319 1252 1454 passu
1304 1317 1684 1456 progrediendum
1728 1322 1811 1414 erit
1868 1328 1872 1335 '

465 1546 568 1614 cum
619 1511 741 1649 ipsi,
784 1546 900 1647 quae
945 1520 992 1613 iu
1035 1513 1156 1616 diem
1193 1520 1378 1639 crescit,
1450 1511 1700 1645 disciplinae
1729 1506 1816 1607 cul·

461 1707 557 1805 tuni
607 1736 654 1802 ct
700 1701 837 1837 operi
891 1709 1090 1805 virorum
1150 1698 1456 1822 eruditorum,
1511 1707 1588 1830 qui
1643 1695 1814 1797 labores

463 1888 563 1991 suos
619 1889 737 1990 hanc
787 1896 832 1988 in
879 1923 976 1987 rem
1033 1887 1260 1987 instituere
1306 1885 1426 1987 haud
1470 1885 1701 2009 definunt,
1751 1886 1814 1983 at·

462 2110 553 2211 que
590 2076 704 2176 adeo
743 2106 935 2174 examen
963 2071 1109 2208 ipsum
1141 2072 1429 2175 referendum
1461 2071 1517 2172 ad
1557 2070 1812 2206 speculatio

459 2297 540 2364 nes
600 2270 723 2364 varii
766 2267 977 2398 generis,
1036 2294 1146 2396 quas
1197 2263 1272 2361 vel
1318 2269 1554 2394 ancipites,
1608 2268 1718 2394 quin
1769 2292 1813 2357 ct
1854 2224 1883 2357 s

459 2451 681 2575 funestas,
710 2483 823 2549 unus
881 2479 956 2547 aut
1013 2449 1123 2550 alter
1184 2448 1516 2583 praedicaverit.
1593 2450 1815 2583 Quamvis
1967 2444 1973 2451 ’

459 2647 581 2743 enim
646 2638 720 2736 vel
777 2670 916 2770 pauca
969 2671 1142 2736 tantum
1196 2638 1312 2737 utilia
1353 2671 1410 2735 ex
1450 2635 1667 2768 ejusmodi
1709 2670 1807 2768 perr

458 2824 726 2925 scrutatione
781 2821 1011 2957 exspectes
1070 2823 1125 2922 ad
1173 2816 1387 2922 culturam
1441 2824 1618 2957 alicujus
1676 2828 1809 2958 partis

457 3013 696 3133 medicae,
722 3079 723 3082 κ
749 3044 868 3142 quae
896 3015 1021 3138 juxta
1071 3043 1274 3110 naturam
1322 3008 1444 3108 suam
1487 3011 1688 3145 fingendi
1736 2974 1812 3110 aut

458 3195 705 3334 effingendi
767 3199 988 3295 rationem
1052 3191 1373 3327 phantasticam
1433 3191 1553 3295 haud
1614 3203 1807 3331 patitur3

460 3393 662 3523 quamvis
703 3384 776 3484 vel
798 3474 803 3485 .
824 3383 977 3482 oculos
1028 3413 1204 3480 nostros
1255 3382 1457 3511 jucundo
1514 3392 1652 3484 novi:
1677 3385 1809 3517 hujus
1880 3468 1885 3475 .

455 3582 627 3677 inventi
670 3571 944 3703 splendore,
983 3569 1057 3671 vel
1111 3576 1260 3701 potius
1292 3569 1525 3703 caligine,
1570 3603 1807 3705 regamus,
1948 3693 1951 3701 Ι

455 3797 610 3896 neque
647 3794 716 3860 et·
727 3761 884 3892 judicis
936 3765 1047 3859 recti
1094 3793 1169 3858 aut
1211 3769 1403 3860 accurati
1446 3761 1643 3864 officium
1681 3768 1807 3882 relin-
1893 3734 1931 3777 ⁹

456 3983 669 4087 quantus,
706 3981 1082 4081 unumquemque
1114 3982 1267 4048 tamen
1312 3985 1550 4079 conatum,
1589 3967 1664 4090 qui
1712 3964 1807 4057 vrri

456 4171 657 4239 amorem
706 4135 1047 4269 complectitur,
1083 4165 1225 4233 artem
1275 4169 1321 4235 et
1359 4138 1582 4240 scientiam
1626 4148 1807 4278 amplifi·

456 4325 622 4446 candi,
667 4333 712 4425 in
771 4338 1188 4457 omnemjpartcm
1253 4333 1484 4428 aestimare
1550 4364 1599 4431 ct
1647 4340 1802 4435 inituri

455 4512 691 4648 oportebit,
763 4512 881 4622 Veri
905 4518 1046 4619 ,enim
1087 4513 1312 4644 studium,
1366 4552 1610 4654 quemnam
1654 4557 1802 4626 aucto·

1069 4700 1111 4800 F
1148 4735 1179 4834 3
1698 4746 1798 4811 rcm
