4552 5880
997 646 1073 696 '¹‘
1105 639 1175 748 39
1210 668 1282 713 ·····

461 860 508 987 ἠ..
534 848 642 947 nina
680 840 727 943 se
761 839 1058 968 abstinuisse,
1114 875 1160 943 et
1194 852 1240 944 in
1274 840 1598 976 phaenomenis
1633 832 1843 949 morbof,

459 1110 503 1163 „.
531 1034 582 1136 fis
632 1064 838 1135 accurate
870 1000 1199 1157 describendis,
1219 1033 1609 1165 temedionumqua
1647 1024 1814 1126 efficti

458 1296 502 1346 ‚‚.
529 1218 648 1346 bus,¹
697 1253 781 1356 pto
831 1219 952 1325 varii
1000 1246 1152 1321 rerum
1202 1220 1419 1354 positione
1455 1225 1624 1343 variis,
1657 1212 1808 1316 sedulo

458 1483 501 1535 ar
530 1406 914 1534 determinandis,
951 1438 1069 1508 totos
1103 1404 1281 1512 fuisle.’'
1318 1407 1400 1541 (²)

525 1594 693 1729 Atque
728 1596 843 1697 adeo
879 1595 986 1731 qnid
1022 1594 1141 1700 hanc
1174 1602 1219 1692 in
1255 1626 1356 1693 nem
1388 1626 1509 1695 nunc
1531 1591 1807 1714 faciundum,

460 1816 685 1919 quaenam
732 1792 813 1885 via.
854 1783 910 1893 ad
960 1781 1180 1883 solertiam
1230 1780 1411 1882 Medici
1459 1811 1506 1880 et
1562 1779 1619 1887 ad
1666 1811 1811 1880 artem

456 1971 599 2107 ipsam
653 1968 1009 2106 amplfieandam
1053 1968 1304 2071 incedenda
1339 1968 1422 2093 ln,
1478 1999 1601 2071 nunc
1636 1970 1702 2071 A.
1741 1968 1811 2071 A.

456 2159 653 2265 breviter
703 2157 889 2283 videre,
942 2191 969 2257 a
1014 2190 1063 2257 re
1114 2150 1265 2257 nostrai
1313 2153 1440 2258 haud·
1477 2157 1672 2257 alienum
1714 2161 1813 2261 enit.

457 2344 774 2461 Fundamenta
807 2342 1043 2445 Theotiae
1071 2345 1257 2474 jacere,
1297 2349 1407 2476 qnin
1442 2376 1488 2443 et
1520 2342 1655 2476 ipsam
1683 2341 1811 2444 The·

457 2540 607 2635 otiam
647 2531 873 2658 formate,
933 2561 1092 2666 postea
1148 2531 1336 2631 demum
1382 2537 1701 2663 experientiam
1756 2527 1816 2635 ed

456 2719 665 2823 amilium
715 2746 909 2840 vocate,
966 2749 1084 2849 quae
1129 2717 1248 2818 illam
1285 2718 1552 2845 confirmet,
1607 2718 1813 2827 insanum

454 2936 612 3011 revera
647 2910 758 3026 erit,
819 2913 987 3039 quippe
1022 2876 1110 3004 nee
1145 2907 1436 3009 ratiocinandi
1471 2916 1619 3035 natm,
1667 2944 1815 3045 neque

456 3096 764 3227 experimenta
799 3088 856 3189 ad
890 3119 988 3188 rem
1022 3091 1356 3214 illustrandam,
1416 3125 1503 3193 nec
1537 3094 1809 3230 philosophia

455 3278 843 3419 hypeanatutalis,
894 3308 1163 3415 germanum
1213 3275 1335 3379 hunc
1368 3278 1572 3383 scientiae
1607 3286 1809 3391 medicae

454 3469 632 3572 fontem
683 3473 855 3602 apen're
909 3495 1138 3600 poterunt.
1231 3465 1367 3601 Ager
1423 3499 1607 3594 autem,
1664 3471 1810 3575 adhue

458 3657 704 3778 colendae,
741 3657 890 3791 largus
925 3686 971 3755 et
1005 3651 1235 3755 abundans
1270 3660 1431 3785 pariter
1466 3687 1562 3780 est,
1599 3690 1647 3761 ut
1682 3666 1810 3766 multi

455 3847 623 3962 [tuctus
689 3873 760 3973 et
795 3842 985 3978 jucundi
1035 3842 1140 3945 inde
1188 3843 1333 3980 calligi
1382 3847 1582 3984 peellntg
1645 3861 1807 3957 arctior

1734 4075 1810 4145 alla

506 4300 773 4398 (*)Jpaan·11.
797 4293 976 4392 Fanni,
1002 4297 1087 4371 Acte
1112 4247 1251 4385 Instanti
1273 4299 1378 4372 clinici
1403 4300 1570 4401 caesareae
1591 4303 1808 4403 Uniatrstmtia

457 4445 617 4548 Καιρῷ,
642 4445 773 4537 Annas·-
787 4444 924 4534 llaa'nan
946 4445 1079 4542 Iaipfiae
1108 4442 1211 4523 180&
1236 4447 1473 4544 manducato,
1497 4474 1572 4548 pag.
1598 4476 1631 4550 3.
1654 4477 1724 4551 sqq.
1847 4544 1855 4574 ι
