<?xml version="1.0" encoding="UTF-8"?>
<!DOCTYPE html PUBLIC "-//W3C//DTD XHTML 1.0 Transitional//EN"
    "http://www.w3.org/TR/xhtml1/DTD/xhtml1-transitional.dtd">
<html xmlns="http://www.w3.org/1999/xhtml" xml:lang="en" lang="en">
 <head>
  <title>
</title>
<meta http-equiv="Content-Type" content="text/html;charset=utf-8" />
  <meta name='ocr-system' content='tesseract 3.04.00' />
  <meta name='ocr-capabilities' content='ocr_page ocr_carea ocr_par ocr_line ocrx_word'/>
</head>
<body>
  <div class='ocr_page' id='page_1' title='image "./oratiodeunaatqu00breggoog_0022.png"; bbox 0 0 4552 5880; ppageno 0'>
   <div class='ocr_carea' id='block_1_1' title="bbox 990 551 1273 624">
    <p class='ocr_par' dir='ltr' id='par_1_1' title="bbox 990 551 1273 624">
     <span class='ocr_line' id='line_1_1' title="bbox 990 551 1273 624; baseline -0.007 -20"><span class='ocrx_word' id='word_1_1' title='bbox 990 551 1273 624; x_wconf 67' lang='lat'>...11-</span> 
     </span>
    </p>
   </div>
   <div class='ocr_carea' id='block_1_2' title="bbox 456 745 1812 1448">
    <p class='ocr_par' dir='ltr' id='par_1_2' title="bbox 456 745 1812 1448">
     <span class='ocr_line' id='line_1_2' title="bbox 456 745 1806 884; baseline -0.003 -28"><span class='ocrx_word' id='word_1_2' title='bbox 456 746 698 857; x_wconf 80' lang='lat' dir='ltr'><strong>Medicina</strong></span> <span class='ocrx_word' id='word_1_3' title='bbox 759 745 1067 853; x_wconf 86' lang='lat' dir='ltr'><strong>obtinuerunt.</strong></span> <span class='ocrx_word' id='word_1_4' title='bbox 1111 786 1114 791; x_wconf 90' lang='lat'>·</span> <span class='ocrx_word' id='word_1_5' title='bbox 1174 752 1339 852; x_wconf 85' lang='lat' dir='ltr'><strong>Pauco·</strong></span> <span class='ocrx_word' id='word_1_6' title='bbox 1395 750 1533 884; x_wconf 68' lang='lat' dir='ltr'><strong>igitur,</strong></span> <span class='ocrx_word' id='word_1_7' title='bbox 1582 780 1806 852; x_wconf 86' lang='lat' dir='ltr'><strong>annorum</strong></span> 
     </span>
     <span class='ocr_line' id='line_1_3' title="bbox 456 933 1810 1071; baseline -0.004 -31"><span class='ocrx_word' id='word_1_8' title='bbox 456 935 693 1040; x_wconf 83' lang='lat' dir='ltr'><strong>intervallo</strong></span> <span class='ocrx_word' id='word_1_9' title='bbox 704 1011 724 1064; x_wconf 87' lang='lat'><em>,</em></span> <span class='ocrx_word' id='word_1_10' title='bbox 758 943 806 1040; x_wconf 91' lang='lat' dir='ltr'><strong>in</strong></span> <span class='ocrx_word' id='word_1_11' title='bbox 846 971 984 1041; x_wconf 86' lang='lat' dir='ltr'><strong>unam</strong></span> <span class='ocrx_word' id='word_1_12' title='bbox 1018 968 1097 1040; x_wconf 89' lang='lat' dir='ltr'><strong>aut</strong></span> <span class='ocrx_word' id='word_1_13' title='bbox 1136 938 1321 1039; x_wconf 88' lang='lat' dir='ltr'><strong>alteram</strong></span> <span class='ocrx_word' id='word_1_14' title='bbox 1363 967 1578 1071; x_wconf 85' lang='lat' dir='ltr'><strong>partem,</strong></span> <span class='ocrx_word' id='word_1_15' title='bbox 1615 936 1672 1035; x_wconf 87' lang='lat' dir='ltr'><strong>de</strong></span> <span class='ocrx_word' id='word_1_16' title='bbox 1702 933 1810 1043; x_wconf 67' lang='lat' dir='ltr'><strong>versa</strong></span> 
     </span>
     <span class='ocr_line' id='line_1_4' title="bbox 456 1119 1810 1260; baseline -0.005 -35"><span class='ocrx_word' id='word_1_17' title='bbox 456 1153 534 1225; x_wconf 88' lang='lat' dir='ltr'><strong>aut</strong></span> <span class='ocrx_word' id='word_1_18' title='bbox 587 1119 690 1222; x_wconf 71' lang='lat' dir='ltr'><strong>salsi</strong></span> <span class='ocrx_word' id='word_1_19' title='bbox 741 1130 894 1256; x_wconf 89' lang='lat' dir='ltr'><strong>praxi,</strong></span> <span class='ocrx_word' id='word_1_20' title='bbox 937 1124 997 1225; x_wconf 89' lang='lat' dir='ltr'><strong>de</strong></span> <span class='ocrx_word' id='word_1_21' title='bbox 1050 1125 1262 1228; x_wconf 89' lang='lat' dir='ltr'><strong>Brownii</strong></span> <span class='ocrx_word' id='word_1_22' title='bbox 1318 1121 1560 1260; x_wconf 72' lang='lat' dir='ltr'>systemate</span> <span class='ocrx_word' id='word_1_23' title='bbox 1599 1130 1810 1255; x_wconf 88' lang='lat' dir='ltr'><strong>empitico</strong></span> 
     </span>
     <span class='ocr_line' id='line_1_5' title="bbox 456 1310 1812 1448; baseline -0.002 -33"><span class='ocrx_word' id='word_1_24' title='bbox 456 1338 534 1416; x_wconf 76' lang='lat' dir='ltr'><strong>out</strong></span> <span class='ocrx_word' id='word_1_25' title='bbox 583 1310 1073 1448; x_wconf 81' lang='lat' dir='ltr'><strong>hijpetphilosophieO,</strong></span> <span class='ocrx_word' id='word_1_26' title='bbox 1124 1316 1198 1414; x_wconf 89' lang='lat' dir='ltr'><strong>vel</strong></span> <span class='ocrx_word' id='word_1_27' title='bbox 1243 1315 1431 1415; x_wconf 88' lang='lat' dir='ltr'><strong>tandem</strong></span> <span class='ocrx_word' id='word_1_28' title='bbox 1479 1313 1537 1413; x_wconf 91' lang='lat' dir='ltr'><strong>de</strong></span> <span class='ocrx_word' id='word_1_29' title='bbox 1585 1313 1677 1448; x_wconf 92' lang='lat' dir='ltr'><strong>ipso</strong></span> <span class='ocrx_word' id='word_1_30' title='bbox 1716 1311 1812 1447; x_wconf 93' lang='lat' dir='ltr'><strong>phi·</strong></span> 
     </span>
    </p>
   </div>
   <div class='ocr_carea' id='block_1_3' title="bbox 456 1498 1811 1656">
    <p class='ocr_par' dir='ltr' id='par_1_3' title="bbox 456 1498 1811 1656">
     <span class='ocr_line' id='line_1_6' title="bbox 456 1498 1811 1656; baseline -0.001 -54"><span class='ocrx_word' id='word_1_31' title='bbox 456 1498 725 1639; x_wconf 88' lang='lat' dir='ltr'><strong>losophandi</strong></span> <span class='ocrx_word' id='word_1_32' title='bbox 760 1536 958 1640; x_wconf 87' lang='lat' dir='ltr'>genere,</span> <span class='ocrx_word' id='word_1_33' title='bbox 994 1503 1067 1603; x_wconf 92' lang='lat' dir='ltr'><strong>vel</strong></span> <span class='ocrx_word' id='word_1_34' title='bbox 1098 1509 1310 1637; x_wconf 82' lang='lat' dir='ltr'><strong>po&#39;e‘tico,</strong></span> <span class='ocrx_word' id='word_1_35' title='bbox 1346 1503 1421 1604; x_wconf 86' lang='lat' dir='ltr'><strong>vel</strong></span> <span class='ocrx_word' id='word_1_36' title='bbox 1460 1502 1662 1637; x_wconf 88' lang='lat' dir='ltr'><strong>prosaico</strong></span> <span class='ocrx_word' id='word_1_37' title='bbox 1677 1578 1696 1629; x_wconf 86' lang='lat'><em>‚</em></span> <span class='ocrx_word' id='word_1_38' title='bbox 1728 1502 1811 1656; x_wconf 86' lang='lat' dir='ltr'><strong>dis·</strong></span> 
     </span>
    </p>
   </div>
   <div class='ocr_carea' id='block_1_4' title="bbox 298 1691 1926 4253">
    <p class='ocr_par' dir='ltr' id='par_1_4' title="bbox 456 1691 796 1826">
     <span class='ocr_line' id='line_1_7' title="bbox 456 1691 796 1826; baseline 0.018 -38"><span class='ocrx_word' id='word_1_39' title='bbox 456 1719 665 1826; x_wconf 90' lang='lat' dir='ltr'><strong>putatum</strong></span> <span class='ocrx_word' id='word_1_40' title='bbox 696 1691 796 1794; x_wconf 87' lang='lat' dir='ltr'><strong>fuit.</strong></span> 
     </span>
    </p>

    <p class='ocr_par' dir='ltr' id='par_1_5' title="bbox 458 1876 1926 3133">
     <span class='ocr_line' id='line_1_8' title="bbox 527 1876 1810 2012; baseline -0.003 -34"><span class='ocrx_word' id='word_1_41' title='bbox 527 1878 906 2012; x_wconf 87' lang='lat' dir='ltr'>Contemplemur</span> <span class='ocrx_word' id='word_1_42' title='bbox 946 1911 1096 1980; x_wconf 89' lang='lat' dir='ltr'><strong>autem</strong></span> <span class='ocrx_word' id='word_1_43' title='bbox 1132 1879 1349 1981; x_wconf 87' lang='lat' dir='ltr'><strong>hodierna</strong></span> <span class='ocrx_word' id='word_1_44' title='bbox 1395 1876 1693 1980; x_wconf 87' lang='lat' dir='ltr'>Medicorum</span> <span class='ocrx_word' id='word_1_45' title='bbox 1733 1907 1810 1977; x_wconf 93' lang='lat' dir='ltr'><strong>aut</strong></span> 
     </span>
     <span class='ocr_line' id='line_1_9' title="bbox 458 2060 1810 2202; baseline -0.001 -38"><span class='ocrx_word' id='word_1_46' title='bbox 458 2060 755 2202; x_wconf 88' lang='lat' dir='ltr'><strong>Physrcorum</strong></span> <span class='ocrx_word' id='word_1_47' title='bbox 819 2066 990 2192; x_wconf 88' lang='lat' dir='ltr'><strong>studia,</strong></span> <span class='ocrx_word' id='word_1_48' title='bbox 1050 2066 1212 2202; x_wconf 91' lang='lat' dir='ltr'><strong>quibus</strong></span> <span class='ocrx_word' id='word_1_49' title='bbox 1264 2067 1338 2166; x_wconf 86' lang='lat' dir='ltr'><strong>vel</strong></span> <span class='ocrx_word' id='word_1_50' title='bbox 1390 2066 1620 2199; x_wconf 86' lang='lat' dir='ltr'><strong>objectum</strong></span> <span class='ocrx_word' id='word_1_51' title='bbox 1675 2073 1777 2165; x_wconf 90' lang='lat' dir='ltr'><strong>artis</strong></span> <span class='ocrx_word' id='word_1_52' title='bbox 1792 2140 1810 2191; x_wconf 89' lang='lat'><em>‚</em></span> 
     </span>
     <span class='ocr_line' id='line_1_10' title="bbox 459 2249 1816 2389; baseline -0.001 -36"><span class='ocrx_word' id='word_1_53' title='bbox 459 2252 585 2353; x_wconf 87' lang='lat' dir='ltr'><strong>velut</strong></span> <span class='ocrx_word' id='word_1_54' title='bbox 622 2263 923 2389; x_wconf 85' lang='lat' dir='ltr'><strong>experientiae</strong></span> <span class='ocrx_word' id='word_1_55' title='bbox 953 2254 1234 2385; x_wconf 89' lang='lat' dir='ltr'><strong>subjectum,</strong></span> <span class='ocrx_word' id='word_1_56' title='bbox 1260 2254 1316 2353; x_wconf 91' lang='lat' dir='ltr'><strong>ad</strong></span> <span class='ocrx_word' id='word_1_57' title='bbox 1357 2288 1511 2354; x_wconf 85' lang='lat' dir='ltr'><strong>veram</strong></span> <span class='ocrx_word' id='word_1_58' title='bbox 1551 2249 1816 2352; x_wconf 86' lang='lat' dir='ltr'><strong>observandi</strong></span> 
     </span>
     <span class='ocr_line' id='line_1_11' title="bbox 460 2437 1926 2574; baseline -0.001 -36"><span class='ocrx_word' id='word_1_59' title='bbox 460 2472 598 2574; x_wconf 82' lang='lat' dir='ltr'><strong>atque</strong></span> <span class='ocrx_word' id='word_1_60' title='bbox 641 2438 902 2574; x_wconf 76' lang='lat' dir='ltr'><strong>experiundi</strong></span> <span class='ocrx_word' id='word_1_61' title='bbox 933 2446 1152 2540; x_wconf 77' lang='lat' dir='ltr'><strong>rationem</strong></span> <span class='ocrx_word' id='word_1_62' title='bbox 1183 2437 1380 2562; x_wconf 87' lang='lat' dir='ltr'><strong>referre,</strong></span> <span class='ocrx_word' id='word_1_63' title='bbox 1415 2439 1489 2549; x_wconf 81' lang='lat' dir='ltr'><strong>vel</strong></span> <span class='ocrx_word' id='word_1_64' title='bbox 1530 2467 1814 2573; x_wconf 90' lang='lat' dir='ltr'><strong>postremum</strong></span> <span class='ocrx_word' id='word_1_65' title='bbox 1924 2511 1926 2514; x_wconf 26' lang='grc' dir='ltr'>ψ</span> 
     </span>
     <span class='ocr_line' id='line_1_12' title="bbox 459 2622 1813 2763; baseline -0.003 -37"><span class='ocrx_word' id='word_1_66' title='bbox 459 2625 579 2749; x_wconf 89' lang='lat' dir='ltr'><strong>hoc,</strong></span> <span class='ocrx_word' id='word_1_67' title='bbox 616 2627 742 2726; x_wconf 88' lang='lat' dir='ltr'><strong>velut</strong></span> <span class='ocrx_word' id='word_1_68' title='bbox 766 2633 930 2726; x_wconf 84' lang='lat' dir='ltr'><strong>mentis</strong></span> <span class='ocrx_word' id='word_1_69' title='bbox 958 2622 1176 2749; x_wconf 88' lang='lat' dir='ltr'><strong>effatum,</strong></span> <span class='ocrx_word' id='word_1_70' title='bbox 1210 2659 1267 2726; x_wconf 90' lang='lat' dir='ltr'><strong>ex</strong></span> <span class='ocrx_word' id='word_1_71' title='bbox 1310 2625 1654 2763; x_wconf 84' lang='lat' dir='ltr'><strong>argumentandi</strong></span> <span class='ocrx_word' id='word_1_72' title='bbox 1685 2657 1813 2724; x_wconf 91' lang='lat' dir='ltr'><strong>more</strong></span> 
     </span>
     <span class='ocr_line' id='line_1_13' title="bbox 459 2777 1815 2946; baseline 0.004 -37"><span class='ocrx_word' id='word_1_73' title='bbox 459 2777 769 2945; x_wconf 85' lang='lat' dir='ltr'><strong>philosophico</strong></span> <span class='ocrx_word' id='word_1_74' title='bbox 842 2813 1061 2946; x_wconf 84' lang='lat' dir='ltr'><strong>explicare</strong></span> <span class='ocrx_word' id='word_1_75' title='bbox 1114 2815 1387 2932; x_wconf 91' lang='lat' dir='ltr'><strong>voluerunt;</strong></span> <span class='ocrx_word' id='word_1_76' title='bbox 1458 2811 1815 2946; x_wconf 85' lang='lat' dir='ltr'><strong>contemplemur</strong></span> 
     </span>
     <span class='ocr_line' id='line_1_14' title="bbox 460 2980 1810 3133; baseline 0.001 -34"><span class='ocrx_word' id='word_1_77' title='bbox 460 3032 596 3133; x_wconf 89' lang='lat' dir='ltr'><strong>porto</strong></span> <span class='ocrx_word' id='word_1_78' title='bbox 627 3034 786 3101; x_wconf 91' lang='lat' dir='ltr'><strong>eorum</strong></span> <span class='ocrx_word' id='word_1_79' title='bbox 817 2980 1002 3101; x_wconf 83' lang='lat' dir='ltr'><strong>inventa</strong></span> <span class='ocrx_word' id='word_1_80' title='bbox 1033 3029 1080 3099; x_wconf 92' lang='lat' dir='ltr'><strong>et</strong></span> <span class='ocrx_word' id='word_1_81' title='bbox 1114 2999 1332 3123; x_wconf 89' lang='lat' dir='ltr'><strong>modum,</strong></span> <span class='ocrx_word' id='word_1_82' title='bbox 1378 2998 1495 3101; x_wconf 86' lang='lat' dir='ltr'><strong>hanc</strong></span> <span class='ocrx_word' id='word_1_83' title='bbox 1535 2999 1810 3133; x_wconf 85' lang='lat' dir='ltr'><strong>disciplinam</strong></span> 
     </span>
    </p>

    <p class='ocr_par' dir='ltr' id='par_1_6' title="bbox 342 3183 1815 3883">
     <span class='ocr_line' id='line_1_15' title="bbox 342 3183 1813 3321; baseline 0.006 -44"><span class='ocrx_word' id='word_1_84' title='bbox 342 3270 346 3277; x_wconf 86' lang='lat'>.</span> <span class='ocrx_word' id='word_1_85' title='bbox 460 3195 589 3305; x_wconf 76' lang='lat' dir='ltr'><strong>uariis</strong></span> <span class='ocrx_word' id='word_1_86' title='bbox 633 3187 779 3287; x_wconf 92' lang='lat' dir='ltr'><strong>modis</strong></span> <span class='ocrx_word' id='word_1_87' title='bbox 834 3218 967 3321; x_wconf 89' lang='lat' dir='ltr'><strong>atque</strong></span> <span class='ocrx_word' id='word_1_88' title='bbox 1004 3191 1143 3318; x_wconf 87' lang='lat' dir='ltr'><strong>pactis</strong></span> <span class='ocrx_word' id='word_1_89' title='bbox 1187 3183 1430 3309; x_wconf 88' lang='lat' dir='ltr'><strong>tractandi,</strong></span> <span class='ocrx_word' id='word_1_90' title='bbox 1468 3212 1564 3283; x_wconf 92' lang='lat' dir='ltr'><strong>tum</strong></span> <span class='ocrx_word' id='word_1_91' title='bbox 1605 3183 1813 3321; x_wconf 85' lang='lat' dir='ltr'><strong>profecto</strong></span> 
     </span>
     <span class='ocr_line' id='line_1_16' title="bbox 459 3368 1815 3512; baseline 0.001 -37"><span class='ocrx_word' id='word_1_92' title='bbox 459 3383 640 3512; x_wconf 86' lang='lat' dir='ltr'><strong>egregia</strong></span> <span class='ocrx_word' id='word_1_93' title='bbox 704 3374 861 3475; x_wconf 86' lang='lat' dir='ltr'><strong>indicia</strong></span> <span class='ocrx_word' id='word_1_94' title='bbox 925 3404 972 3470; x_wconf 92' lang='lat' dir='ltr'><strong>et</strong></span> <span class='ocrx_word' id='word_1_95' title='bbox 1036 3371 1297 3473; x_wconf 89' lang='lat' dir='ltr'><strong>sublimioris</strong></span> <span class='ocrx_word' id='word_1_96' title='bbox 1357 3368 1604 3505; x_wconf 82' lang='lat' dir='ltr'><strong>systematis</strong></span> <span class='ocrx_word' id='word_1_97' title='bbox 1652 3373 1815 3476; x_wconf 89' lang='lat' dir='ltr'><strong>medici</strong></span> 
     </span>
     <span class='ocr_line' id='line_1_17' title="bbox 458 3556 1811 3695; baseline -0.001 -35"><span class='ocrx_word' id='word_1_98' title='bbox 458 3561 642 3688; x_wconf 79' lang='lat' dir='ltr'><strong>subsidia</strong></span> <span class='ocrx_word' id='word_1_99' title='bbox 697 3570 992 3663; x_wconf 87' lang='lat' dir='ltr'><strong>inveniemus.</strong></span> <span class='ocrx_word' id='word_1_100' title='bbox 1086 3556 1302 3658; x_wconf 88' lang='lat' dir='ltr'><strong>Confiten&#39;</strong></span> <span class='ocrx_word' id='word_1_101' title='bbox 1349 3588 1501 3657; x_wconf 87' lang='lat' dir='ltr'><strong>tamen</strong></span> <span class='ocrx_word' id='word_1_102' title='bbox 1557 3558 1811 3695; x_wconf 89' lang='lat' dir='ltr'><strong>oportebit,</strong></span> 
     </span>
     <span class='ocr_line' id='line_1_18' title="bbox 458 3745 1814 3883; baseline 0 -35"><span class='ocrx_word' id='word_1_103' title='bbox 458 3756 672 3883; x_wconf 85' lang='lat' dir='ltr'><strong>principia</strong></span> <span class='ocrx_word' id='word_1_104' title='bbox 725 3757 828 3875; x_wconf 83' lang='lat' dir='ltr'><strong>artis</strong></span> <span class='ocrx_word' id='word_1_105' title='bbox 880 3777 1093 3873; x_wconf 88' lang='lat' dir='ltr'><strong>nostrae,</strong></span> <span class='ocrx_word' id='word_1_106' title='bbox 1151 3745 1308 3848; x_wconf 90' lang='lat' dir='ltr'><strong>mediis</strong></span> <span class='ocrx_word' id='word_1_107' title='bbox 1359 3753 1407 3848; x_wconf 92' lang='lat' dir='ltr'><strong>in</strong></span> <span class='ocrx_word' id='word_1_108' title='bbox 1451 3746 1678 3848; x_wconf 89' lang='lat' dir='ltr'><strong>literarum</strong></span> <span class='ocrx_word' id='word_1_109' title='bbox 1713 3780 1814 3848; x_wconf 87' lang='lat' dir='ltr'><strong>nos·</strong></span> 
     </span>
    </p>

    <p class='ocr_par' dir='ltr' id='par_1_7' title="bbox 298 3938 1814 4253">
     <span class='ocr_line' id='line_1_19' title="bbox 298 3938 1814 4081; baseline 0.001 -40"><span class='ocrx_word' id='word_1_110' title='bbox 298 3952 305 3964; x_wconf 86' lang='grc'>’</span> <span class='ocrx_word' id='word_1_111' title='bbox 406 3962 413 3971; x_wconf 85' lang='grc'><strong>“</strong></span> <span class='ocrx_word' id='word_1_112' title='bbox 455 3973 627 4042; x_wconf 89' lang='lat' dir='ltr'><strong>tratum</strong></span> <span class='ocrx_word' id='word_1_113' title='bbox 673 3948 988 4066; x_wconf 88' lang='lat' dir='ltr'><strong>incrementis,</strong></span> <span class='ocrx_word' id='word_1_114' title='bbox 1025 3938 1082 4040; x_wconf 89' lang='lat' dir='ltr'><strong>ad</strong></span> <span class='ocrx_word' id='word_1_115' title='bbox 1109 3974 1250 4041; x_wconf 93' lang='lat' dir='ltr'><strong>unum</strong></span> <span class='ocrx_word' id='word_1_116' title='bbox 1293 3969 1370 4041; x_wconf 92' lang='lat' dir='ltr'><strong>aut</strong></span> <span class='ocrx_word' id='word_1_117' title='bbox 1400 3940 1591 4043; x_wconf 91' lang='lat' dir='ltr'><strong>alterum</strong></span> <span class='ocrx_word' id='word_1_118' title='bbox 1620 3941 1814 4081; x_wconf 87' lang='lat' dir='ltr'><strong>systema</strong></span> 
     </span>
     <span class='ocr_line' id='line_1_20' title="bbox 453 4119 1814 4253; baseline 0.001 -24"><span class='ocrx_word' id='word_1_119' title='bbox 453 4139 556 4233; x_wconf 79' lang='lat' dir='ltr'><strong>,veri</strong></span> <span class='ocrx_word' id='word_1_120' title='bbox 599 4119 811 4231; x_wconf 91' lang='lat' dir='ltr'><strong>nominis·</strong></span> <span class='ocrx_word' id='word_1_121' title='bbox 836 4129 1139 4253; x_wconf 84' lang='lat' dir='ltr'><strong>firmandum,</strong></span> <span class='ocrx_word' id='word_1_122' title='bbox 1162 4161 1271 4230; x_wconf 91' lang='lat' dir='ltr'><strong>non</strong></span> <span class='ocrx_word' id='word_1_123' title='bbox 1324 4136 1384 4230; x_wconf 91' lang='lat' dir='ltr'><strong>ita</strong></span> <span class='ocrx_word' id='word_1_124' title='bbox 1427 4165 1534 4232; x_wconf 89' lang='lat' dir='ltr'><strong>vera</strong></span> <span class='ocrx_word' id='word_1_125' title='bbox 1573 4162 1650 4233; x_wconf 92' lang='lat' dir='ltr'><strong>aut</strong></span> <span class='ocrx_word' id='word_1_126' title='bbox 1681 4162 1814 4233; x_wconf 38' lang='lat' dir='ltr'><strong>&#39;certa</strong></span> 
     </span>
    </p>
   </div>
   <div class='ocr_carea' id='block_1_5' title="bbox 455 4316 1820 4585">
    <p class='ocr_par' dir='ltr' id='par_1_8' title="bbox 455 4316 1820 4585">
     <span class='ocr_line' id='line_1_21' title="bbox 455 4316 1814 4456; baseline 0.003 -40"><span class='ocrx_word' id='word_1_127' title='bbox 455 4327 694 4421; x_wconf 84' lang='lat' dir='ltr'><strong>existimari</strong></span> <span class='ocrx_word' id='word_1_128' title='bbox 731 4316 889 4454; x_wconf 88' lang='lat' dir='ltr'><strong>posse,</strong></span> <span class='ocrx_word' id='word_1_129' title='bbox 927 4350 978 4421; x_wconf 90' lang='lat' dir='ltr'><strong>ut</strong></span> <span class='ocrx_word' id='word_1_130' title='bbox 997 4318 1085 4419; x_wconf 89' lang='lat' dir='ltr'><strong>illis</strong></span> <span class='ocrx_word' id='word_1_131' title='bbox 1121 4317 1258 4418; x_wconf 91' lang='lat' dir='ltr'><strong>fidem</strong></span> <span class='ocrx_word' id='word_1_132' title='bbox 1279 4352 1475 4423; x_wconf 90' lang='lat' dir='ltr'><strong>omnem</strong></span> <span class='ocrx_word' id='word_1_133' title='bbox 1499 4320 1814 4456; x_wconf 87' lang='lat' dir='ltr'><strong>praebeamus.</strong></span> 
     </span>
     <span class='ocr_line' id='line_1_22' title="bbox 1082 4478 1820 4585; baseline -0.003 -1"><span class='ocrx_word' id='word_1_134' title='bbox 1082 4478 1127 4585; x_wconf 93' lang='lat' dir='ltr'>B</span> <span class='ocrx_word' id='word_1_135' title='bbox 1166 4513 1196 4582; x_wconf 83' lang='lat'><em>2</em></span> <span class='ocrx_word' id='word_1_136' title='bbox 1697 4483 1820 4582; x_wconf 88' lang='lat' dir='ltr'><strong>Con·</strong></span> 
     </span>
    </p>
   </div>
   <div class='ocr_carea' id='block_1_6' title="bbox 0 0 2287 5876">
    <p class='ocr_par' dir='ltr' id='par_1_9' title="bbox 0 0 2287 5876">
     <span class='ocr_line' id='line_1_23' title="bbox 0 0 2287 5876; baseline 0 0"><span class='ocrx_word' id='word_1_137' title='bbox 0 0 2287 5876; x_wconf 95' lang='lat' dir='ltr'><strong> </strong></span> 
     </span>
    </p>
   </div>
  </div>
 </body>
</html>
