4552 5880
458 796 736 897 manuus,
808 801 1134 897 eruturus,
1204 799 1578 890 mensurus,
1634 791 1810 866 onsu-

457 991 622 1085 rrus,
696 990 1027 1083 consonus,
1106 990 1417 1082 uenustus,
1487 981 1811 1085 oosrunuu·

456 1181 627 1275 tetus,
664 1182 1201 1276 ruuusstuctcrus,
1237 1177 1675 1269 Huroonuous,
1711 1141 1810 1266 alii,

455 1369 533 1436 aut
617 1334 673 1436 ad
756 1335 1082 1468 perfectionem
1153 1367 1200 1435 et
1269 1333 1580 1435 certitudinem
1659 1329 1811 1453 ducit,

458 1555 565 1646 aut,
602 1522 680 1622 nisr
713 1522 802 1622 hoc
837 1531 895 1623 ita
930 1556 1041 1628 vere
1074 1554 1384 1657 comparatum
1418 1520 1499 1644 stt,
1548 1519 1675 1620 nobis
1710 1550 1811 1650 pro·

459 1709 581 1810 fecto
632 1710 689 1810 ab
746 1711 798 1811 ei
855 1716 1042 1812 omnino
1075 1706 1399 1809 discedendum
1448 1715 1543 1808 erit.
1636 1704 1814 1806 Audite

457 1897 490 1997 fi
523 1895 665 1996 velitis
716 1904 910 2030 priscum
945 1901 1187 1997 audacioris
1221 1896 1478 2029 disciplinae
1526 1925 1809 2028 patronum,

461 2115 603 2218 quem
655 2115 810 2218 postea
861 2084 916 2184 ad
953 2091 1071 2185 viam
1107 2089 1274 2220 regiam
1310 2083 1453 2184 redire
1489 2112 1582 2183 non
1617 2083 1813 2227 puduit,

458 2274 553 2403 jam
609 2303 770 2372 testem
827 2271 1058 2404 appellabo
1110 2277 1255 2371 uirum
1306 2271 1590 2372 clarissimum
1639 2300 1816 2379 unnu-

461 2492 653 2584 ntuu,
704 2459 855 2560 filium.
944 2535 980 2584 „
1016 2457 1185 2560 Dicam
1220 2459 1440 2583 candide,
1498 2457 1621 2590 (sunt
1671 2456 1809 2557 verba

461 2722 497 2771 ‚,
532 2648 668 2777 ejus),
700 2677 776 2763 me
810 2647 1034 2780 systemati
1068 2681 1368 2748 snuuours
1403 2647 1539 2780 longe
1574 2651 1705 2745 nimis
1741 2650 1812 2742 tri·

460 2905 498 2957 „
533 2826 677 2931 buisse
712 2862 764 2928 ac
799 2836 845 2929 in
880 2864 936 2930 eo
971 2837 1222 2966 praecipiue
1256 2832 1462 2960 errasse,
1498 2831 1621 2970 quod
1658 2830 1817 2933 scilicet

464 3094 500 3144 „
538 3019 833 3140 crediderim,
881 3018 1107 3118 scientiam
1143 3022 1363 3122 medicam
1399 3019 1531 3152 posse
1569 3020 1818 3153 systematis

368 3342 374 3351 Ι
462 3205 740 3333 „limitibus
797 3208 1015 3309 contineri
1067 3238 1112 3306 et
1149 3208 1306 3308 excoli.
1374 3209 1466 3312 Ast
1500 3205 1672 3308 sanctus
1707 3212 1819 3310 veri·

464 3469 501 3518 „
537 3400 638 3494 tatis
694 3424 853 3517 amor,
891 3424 1048 3528 atque
1103 3393 1206 3493 data
1262 3427 1447 3496 naturae
1502 3406 1714 3534 mysteria
1769 3406 1817 3501 in

464 3654 501 3709 „
538 3579 704 3695 morbis
740 3579 1007 3680 observandi
1040 3588 1379 3714 opportunitas,
1407 3582 1463 3681 ab
1486 3582 1665 3685 aeterni
1685 3590 1819 3684 animi

467 3843 503 3892 „
539 3773 754 3867 coecitate
791 3799 865 3867 me
902 3765 1217 3873 defenderunt.
1290 3770 1450 3873 Statim
1486 3805 1539 3871 ac
1559 3779 1692 3908 igitur
1712 3805 1818 3873 ocu·

467 4029 504 4080 „
541 3953 609 4051 los
665 3955 721 4053 ad
770 3988 1018 4087 perennem
1054 3987 1236 4056 naturae
1272 3956 1421 4058 lucem
1455 3969 1691 4085 converti,
1725 3968 1820 4062 vin·

468 4140 743 4264 „culorum
798 4173 874 4241 me
928 4141 1117 4274 puduit,
1175 4141 1366 4274 quibus,
1417 4147 1520 4245 licet
1567 4181 1661 4248 non
1696 4178 1818 4248 tena-

473 4400 510 4451 „
547 4334 655 4427 citer
671 4405 686 4452 ‚
738 4325 986 4462 systematis
1036 4362 1112 4428 me
1145 4362 1274 4429 amor
1308 4332 1601 4471 obligaverat.
1696 4338 1820 4471 Qua·

1095 4512 1139 4616 E
1173 4551 1203 4652 3
1611 4598 1647 4649 „
1684 4554 1818 4658 prop
