<?xml version="1.0" encoding="UTF-8"?>
<!DOCTYPE html PUBLIC "-//W3C//DTD XHTML 1.0 Transitional//EN"
    "http://www.w3.org/TR/xhtml1/DTD/xhtml1-transitional.dtd">
<html xmlns="http://www.w3.org/1999/xhtml" xml:lang="en" lang="en">
 <head>
  <title>
</title>
<meta http-equiv="Content-Type" content="text/html;charset=utf-8" />
  <meta name='ocr-system' content='tesseract 3.04.00' />
  <meta name='ocr-capabilities' content='ocr_page ocr_carea ocr_par ocr_line ocrx_word'/>
</head>
<body>
  <div class='ocr_page' id='page_1' title='image "./oratiodeunaatqu00breggoog_0019.png"; bbox 0 0 4574 5874; ppageno 0'>
   <div class='ocr_carea' id='block_1_1' title="bbox 1076 527 1322 652">
    <p class='ocr_par' dir='ltr' id='par_1_1' title="bbox 1076 527 1322 652">
     <span class='ocr_line' id='line_1_1' title="bbox 1076 527 1322 652; baseline -0.012 -50"><span class='ocrx_word' id='word_1_1' title='bbox 1076 527 1322 652; x_wconf 38' lang='lat'>*3*</span> 
     </span>
    </p>
   </div>
   <div class='ocr_carea' id='block_1_2' title="bbox 462 754 1955 3349">
    <p class='ocr_par' dir='ltr' id='par_1_2' title="bbox 530 754 1880 1646">
     <span class='ocr_line' id='line_1_2' title="bbox 606 754 1880 894; baseline 0.008 -38"><span class='ocrx_word' id='word_1_2' title='bbox 606 754 933 877; x_wconf 85' lang='lat' dir='ltr'>Pervolventes</span> <span class='ocrx_word' id='word_1_3' title='bbox 979 755 1253 862; x_wconf 88' lang='lat' dir='ltr'>diversarum</span> <span class='ocrx_word' id='word_1_4' title='bbox 1284 761 1506 894; x_wconf 72' lang='lat' dir='ltr'>gentium</span> <span class='ocrx_word' id='word_1_5' title='bbox 1554 761 1765 888; x_wconf 83' lang='lat' dir='ltr'>annales,</span> <span class='ocrx_word' id='word_1_6' title='bbox 1822 764 1880 866; x_wconf 86' lang='lat' dir='ltr'>ad</span> 
     </span>
     <span class='ocr_line' id='line_1_3' title="bbox 533 943 1878 1081; baseline 0.007 -37"><span class='ocrx_word' id='word_1_7' title='bbox 533 943 854 1048; x_wconf 88' lang='lat' dir='ltr'>inveniundum</span> <span class='ocrx_word' id='word_1_8' title='bbox 893 944 1019 1081; x_wconf 92' lang='lat' dir='ltr'>quod</span> <span class='ocrx_word' id='word_1_9' title='bbox 1054 946 1160 1048; x_wconf 91' lang='lat' dir='ltr'>olim</span> <span class='ocrx_word' id='word_1_10' title='bbox 1194 945 1276 1046; x_wconf 90' lang='lat' dir='ltr'>fuit</span> <span class='ocrx_word' id='word_1_11' title='bbox 1304 954 1413 1063; x_wconf 68' lang='lat' dir='ltr'>artis¹</span> <span class='ocrx_word' id='word_1_12' title='bbox 1435 947 1635 1049; x_wconf 86' lang='lat' dir='ltr'>medicae</span> <span class='ocrx_word' id='word_1_13' title='bbox 1666 947 1878 1077; x_wconf 89' lang='lat' dir='ltr'>studium,</span> 
     </span>
     <span class='ocr_line' id='line_1_4' title="bbox 532 1132 1876 1274; baseline 0.006 -42"><span class='ocrx_word' id='word_1_14' title='bbox 532 1162 667 1268; x_wconf 87' lang='lat' dir='ltr'>prout</span> <span class='ocrx_word' id='word_1_15' title='bbox 693 1134 932 1261; x_wconf 82' lang='lat' dir='ltr'>Historia,</span> <span class='ocrx_word' id='word_1_16' title='bbox 953 1136 1031 1235; x_wconf 87' lang='lat' dir='ltr'>lux</span> <span class='ocrx_word' id='word_1_17' title='bbox 1068 1137 1137 1236; x_wconf 90' lang='lat' dir='ltr'>illa</span> <span class='ocrx_word' id='word_1_18' title='bbox 1170 1143 1364 1236; x_wconf 87' lang='lat' dir='ltr'>veritatis</span> <span class='ocrx_word' id='word_1_19' title='bbox 1396 1169 1442 1234; x_wconf 91' lang='lat' dir='ltr'>et</span> <span class='ocrx_word' id='word_1_20' title='bbox 1477 1132 1692 1274; x_wconf 86' lang='lat' dir='ltr'>magistra</span> <span class='ocrx_word' id='word_1_21' title='bbox 1720 1143 1876 1265; x_wconf 88' lang='lat' dir='ltr'>vitae,</span> 
     </span>
     <span class='ocr_line' id='line_1_5' title="bbox 532 1308 1878 1468; baseline 0.008 -47"><span class='ocrx_word' id='word_1_22' title='bbox 532 1354 617 1421; x_wconf 89' lang='lat' dir='ltr'>nos</span> <span class='ocrx_word' id='word_1_23' title='bbox 652 1323 867 1443; x_wconf 85' lang='lat' dir='ltr'>edocuit,</span> <span class='ocrx_word' id='word_1_24' title='bbox 904 1353 1096 1463; x_wconf 89' lang='lat' dir='ltr'>quatuor</span> <span class='ocrx_word' id='word_1_25' title='bbox 1131 1308 1315 1459; x_wconf 92' lang='lat' dir='ltr'>quidem</span> <span class='ocrx_word' id='word_1_26' title='bbox 1349 1326 1558 1460; x_wconf 86' lang='lat' dir='ltr'>periodos</span> <span class='ocrx_word' id='word_1_27' title='bbox 1602 1327 1878 1468; x_wconf 83' lang='lat' dir='ltr'>distinguere</span> 
     </span>
     <span class='ocr_line' id='line_1_6' title="bbox 530 1513 916 1646; baseline 0.008 -34"><span class='ocrx_word' id='word_1_28' title='bbox 530 1542 615 1612; x_wconf 88' lang='lat' dir='ltr'>nos</span> <span class='ocrx_word' id='word_1_29' title='bbox 650 1513 916 1646; x_wconf 87' lang='lat' dir='ltr'>oportebit.-</span> 
     </span>
    </p>

    <p class='ocr_par' dir='ltr' id='par_1_3' title="bbox 462 1680 1955 3349">
     <span class='ocr_line' id='line_1_7' title="bbox 521 1680 1877 1847; baseline 0.007 -45"><span class='ocrx_word' id='word_1_30' title='bbox 521 1680 524 1685; x_wconf 51' lang='grc'><strong>’</strong></span> <span class='ocrx_word' id='word_1_31' title='bbox 599 1700 679 1802; x_wconf 91' lang='lat' dir='ltr'>Ac</span> <span class='ocrx_word' id='word_1_32' title='bbox 733 1708 929 1835; x_wconf 89' lang='lat' dir='ltr'>primum</span> <span class='ocrx_word' id='word_1_33' title='bbox 955 1703 1041 1840; x_wconf 67' lang='lat' dir='ltr'>,illa</span> <span class='ocrx_word' id='word_1_34' title='bbox 1053 1780 1070 1831; x_wconf 85' lang='lat'><em>,</em></span> <span class='ocrx_word' id='word_1_35' title='bbox 1122 1737 1258 1840; x_wconf 92' lang='lat' dir='ltr'>quam</span> <span class='ocrx_word' id='word_1_36' title='bbox 1292 1704 1420 1806; x_wconf 91' lang='lat' dir='ltr'>facile</span> <span class='ocrx_word' id='word_1_37' title='bbox 1455 1714 1672 1810; x_wconf 86' lang='lat' dir='ltr'>incertam</span> <span class='ocrx_word' id='word_1_38' title='bbox 1707 1715 1877 1847; x_wconf 86' lang='lat' dir='ltr'>ingenii</span> 
     </span>
     <span class='ocr_line' id='line_1_8' title="bbox 527 1887 1877 2030; baseline 0.007 -43"><span class='ocrx_word' id='word_1_39' title='bbox 527 1887 763 1990; x_wconf 81' lang='lat' dir='ltr'>infantiam</span> <span class='ocrx_word' id='word_1_40' title='bbox 799 1892 953 2017; x_wconf 88' lang='lat' dir='ltr'>dicas,</span> <span class='ocrx_word' id='word_1_41' title='bbox 986 1926 1056 1994; x_wconf 87' lang='lat' dir='ltr'>ars</span> <span class='ocrx_word' id='word_1_42' title='bbox 1091 1894 1335 1998; x_wconf 91' lang='lat' dir='ltr'>domestica</span> <span class='ocrx_word' id='word_1_43' title='bbox 1369 1894 1480 2021; x_wconf 87' lang='lat' dir='ltr'>fuit,</span> <span class='ocrx_word' id='word_1_44' title='bbox 1529 1928 1669 2030; x_wconf 91' lang='lat' dir='ltr'>quum</span> <span class='ocrx_word' id='word_1_45' title='bbox 1718 1896 1877 2000; x_wconf 83' lang='lat' dir='ltr'>Natio·</span> 
     </span>
     <span class='ocr_line' id='line_1_9' title="bbox 527 2078 1871 2222; baseline 0.006 -42"><span class='ocrx_word' id='word_1_46' title='bbox 527 2113 608 2180; x_wconf 91' lang='lat' dir='ltr'>nes</span> <span class='ocrx_word' id='word_1_47' title='bbox 666 2081 873 2182; x_wconf 84' lang='lat' dir='ltr'>infimum</span> <span class='ocrx_word' id='word_1_48' title='bbox 923 2078 1073 2181; x_wconf 90' lang='lat' dir='ltr'>adhuc</span> <span class='ocrx_word' id='word_1_49' title='bbox 1101 2081 1324 2184; x_wconf 87' lang='lat' dir='ltr'>culturae</span> <span class='ocrx_word' id='word_1_50' title='bbox 1373 2084 1565 2222; x_wconf 87' lang='lat' dir='ltr'>gradum</span> <span class='ocrx_word' id='word_1_51' title='bbox 1613 2116 1871 2188; x_wconf 88' lang='lat' dir='ltr'>tenuerunt.</span> 
     </span>
     <span class='ocr_line' id='line_1_10' title="bbox 527 2271 1875 2407; baseline -0.002 -31"><span class='ocrx_word' id='word_1_52' title='bbox 527 2272 757 2407; x_wconf 85' lang='lat' dir='ltr'>Quamdiu</span> <span class='ocrx_word' id='word_1_53' title='bbox 793 2279 916 2376; x_wconf 92' lang='lat' dir='ltr'>enim</span> <span class='ocrx_word' id='word_1_54' title='bbox 950 2273 1048 2375; x_wconf 88' lang='lat' dir='ltr'>illae</span> <span class='ocrx_word' id='word_1_55' title='bbox 1080 2272 1278 2375; x_wconf 84' lang='lat' dir='ltr'>Penates</span> <span class='ocrx_word' id='word_1_56' title='bbox 1312 2271 1545 2375; x_wconf 90' lang='lat' dir='ltr'>sanitatem</span> <span class='ocrx_word' id='word_1_57' title='bbox 1592 2284 1704 2376; x_wconf 90' lang='lat' dir='ltr'>tueri</span> <span class='ocrx_word' id='word_1_58' title='bbox 1717 2351 1734 2400; x_wconf 90' lang='lat'><em>,</em></span> <span class='ocrx_word' id='word_1_59' title='bbox 1800 2272 1875 2374; x_wconf 88' lang='lat' dir='ltr'>vel</span> 
     </span>
     <span class='ocr_line' id='line_1_11' title="bbox 526 2454 1873 2592; baseline 0.002 -33"><span class='ocrx_word' id='word_1_60' title='bbox 526 2457 794 2561; x_wconf 87' lang='lat' dir='ltr'>Daemones</span> <span class='ocrx_word' id='word_1_61' title='bbox 840 2457 1024 2560; x_wconf 89' lang='lat' dir='ltr'>morbos</span> <span class='ocrx_word' id='word_1_62' title='bbox 1090 2454 1321 2592; x_wconf 85' lang='lat' dir='ltr'>affligere,</span> <span class='ocrx_word' id='word_1_63' title='bbox 1392 2457 1467 2559; x_wconf 88' lang='lat' dir='ltr'>vel</span> <span class='ocrx_word' id='word_1_64' title='bbox 1539 2456 1754 2560; x_wconf 91' lang='lat' dir='ltr'>Deorum</span> <span class='ocrx_word' id='word_1_65' title='bbox 1816 2460 1873 2562; x_wconf 91' lang='lat' dir='ltr'>ad</span> 
     </span>
     <span class='ocr_line' id='line_1_12' title="bbox 524 2644 1872 2783; baseline -0.001 -36"><span class='ocrx_word' id='word_1_66' title='bbox 524 2648 829 2748; x_wconf 86' lang='lat' dir='ltr'>valetudinem</span> <span class='ocrx_word' id='word_1_67' title='bbox 863 2645 1238 2783; x_wconf 86' lang='lat' dir='ltr'>recuperandam</span> <span class='ocrx_word' id='word_1_68' title='bbox 1285 2644 1494 2748; x_wconf 77' lang='lat' dir='ltr'>auxiium</span> <span class='ocrx_word' id='word_1_69' title='bbox 1538 2645 1872 2779; x_wconf 89' lang='lat' dir='ltr'>implorandum</span> 
     </span>
     <span class='ocr_line' id='line_1_13' title="bbox 462 2835 1870 2972; baseline -0.001 -32"><span class='ocrx_word' id='word_1_70' title='bbox 462 2887 467 2900; x_wconf 86' lang='lat'><strong>·</strong></span> <span class='ocrx_word' id='word_1_71' title='bbox 521 2837 618 2940; x_wconf 87' lang='lat' dir='ltr'>esse</span> <span class='ocrx_word' id='word_1_72' title='bbox 633 2880 658 2963; x_wconf 91' lang='lat'>‚·</span> <span class='ocrx_word' id='word_1_73' title='bbox 697 2837 998 2956; x_wconf 81' lang='lat' dir='ltr'>somniarunt3</span> <span class='ocrx_word' id='word_1_74' title='bbox 1057 2838 1274 2972; x_wconf 89' lang='lat' dir='ltr'>quamdiu</span> <span class='ocrx_word' id='word_1_75' title='bbox 1324 2844 1531 2971; x_wconf 87' lang='lat' dir='ltr'>aegroti,</span> <span class='ocrx_word' id='word_1_76' title='bbox 1580 2835 1778 2936; x_wconf 90' lang='lat' dir='ltr'>eundem</span> <span class='ocrx_word' id='word_1_77' title='bbox 1800 2845 1870 2965; x_wconf 26' lang='lat' dir='ltr'>‘in</span> 
     </span>
     <span class='ocr_line' id='line_1_14' title="bbox 518 3022 1955 3158; baseline -0.003 -29"><span class='ocrx_word' id='word_1_78' title='bbox 518 3032 690 3153; x_wconf 87' lang='lat' dir='ltr'>finem,</span> <span class='ocrx_word' id='word_1_79' title='bbox 748 3035 827 3127; x_wconf 88' lang='lat' dir='ltr'>viis</span> <span class='ocrx_word' id='word_1_80' title='bbox 877 3025 1061 3158; x_wconf 89' lang='lat' dir='ltr'>publicis</span> <span class='ocrx_word' id='word_1_81' title='bbox 1128 3057 1204 3124; x_wconf 89' lang='lat' dir='ltr'>aut</span> <span class='ocrx_word' id='word_1_82' title='bbox 1252 3023 1427 3154; x_wconf 89' lang='lat' dir='ltr'>templis</span> <span class='ocrx_word' id='word_1_83' title='bbox 1472 3022 1869 3156; x_wconf 68' lang='lat' dir='ltr'>exponebantur,</span> <span class='ocrx_word' id='word_1_84' title='bbox 1949 3078 1955 3088; x_wconf 52' lang='lat'><em>1</em></span> 
     </span>
     <span class='ocr_line' id='line_1_15' title="bbox 520 3210 1871 3349; baseline -0.005 -31"><span class='ocrx_word' id='word_1_85' title='bbox 520 3250 618 3320; x_wconf 91' lang='lat' dir='ltr'>tum</span> <span class='ocrx_word' id='word_1_86' title='bbox 652 3217 726 3316; x_wconf 88' lang='lat' dir='ltr'>vel</span> <span class='ocrx_word' id='word_1_87' title='bbox 763 3221 882 3315; x_wconf 91' lang='lat' dir='ltr'>vatia</span> <span class='ocrx_word' id='word_1_88' title='bbox 918 3214 1071 3349; x_wconf 78' lang='lat' dir='ltr'>signa,</span> <span class='ocrx_word' id='word_1_89' title='bbox 1125 3210 1369 3334; x_wconf 89' lang='lat' dir='ltr'>formulas,</span> <span class='ocrx_word' id='word_1_90' title='bbox 1418 3211 1608 3322; x_wconf 88' lang='lat' dir='ltr'>amuleta</span> <span class='ocrx_word' id='word_1_91' title='bbox 1617 3213 1871 3347; x_wconf 84' lang='lat' dir='ltr'>,aliosque</span> 
     </span>
    </p>
   </div>
   <div class='ocr_carea' id='block_1_3' title="bbox 521 3397 1871 3545">
    <p class='ocr_par' dir='ltr' id='par_1_4' title="bbox 521 3397 1871 3545">
     <span class='ocr_line' id='line_1_16' title="bbox 521 3397 1871 3545; baseline -0.007 -30"><span class='ocrx_word' id='word_1_92' title='bbox 521 3414 799 3515; x_wconf 88' lang='lat' dir='ltr'>characteres</span> <span class='ocrx_word' id='word_1_93' title='bbox 834 3397 1178 3545; x_wconf 86' lang='lat' dir='ltr'>sympatheticos</span> <span class='ocrx_word' id='word_1_94' title='bbox 1201 3437 1275 3507; x_wconf 88' lang='lat' dir='ltr'>aut</span> <span class='ocrx_word' id='word_1_95' title='bbox 1297 3413 1524 3543; x_wconf 87' lang='lat' dir='ltr'>magicos,</span> <span class='ocrx_word' id='word_1_96' title='bbox 1546 3406 1602 3508; x_wconf 88' lang='lat' dir='ltr'>ad</span> <span class='ocrx_word' id='word_1_97' title='bbox 1623 3404 1871 3508; x_wconf 89' lang='lat' dir='ltr'>sanandum</span> 
     </span>
    </p>
   </div>
   <div class='ocr_carea' id='block_1_4' title="bbox 431 3595 1875 4292">
    <p class='ocr_par' dir='ltr' id='par_1_5' title="bbox 431 3595 1875 4114">
     <span class='ocr_line' id='line_1_17' title="bbox 518 3595 1875 3730; baseline -0.011 -24"><span class='ocrx_word' id='word_1_98' title='bbox 518 3604 591 3707; x_wconf 88' lang='lat' dir='ltr'>vel</span> <span class='ocrx_word' id='word_1_99' title='bbox 656 3597 966 3704; x_wconf 87' lang='lat' dir='ltr'>infectandum</span> <span class='ocrx_word' id='word_1_100' title='bbox 1034 3628 1083 3694; x_wconf 91' lang='lat' dir='ltr'>ut</span> <span class='ocrx_word' id='word_1_101' title='bbox 1131 3595 1371 3728; x_wconf 87' lang='lat' dir='ltr'>plurimum</span> <span class='ocrx_word' id='word_1_102' title='bbox 1420 3597 1571 3699; x_wconf 89' lang='lat' dir='ltr'>valere</span> <span class='ocrx_word' id='word_1_103' title='bbox 1625 3625 1875 3730; x_wconf 84' lang='lat' dir='ltr'>putarunt3</span> 
     </span>
     <span class='ocr_line' id='line_1_18' title="bbox 519 3780 1871 3917; baseline -0.009 -23"><span class='ocrx_word' id='word_1_104' title='bbox 519 3823 662 3895; x_wconf 87' lang='lat' dir='ltr'>artem</span> <span class='ocrx_word' id='word_1_105' title='bbox 695 3786 938 3889; x_wconf 87' lang='lat' dir='ltr'>medicam</span> <span class='ocrx_word' id='word_1_106' title='bbox 988 3785 1198 3917; x_wconf 89' lang='lat' dir='ltr'>profecto</span> <span class='ocrx_word' id='word_1_107' title='bbox 1253 3784 1371 3886; x_wconf 90' lang='lat' dir='ltr'>hanc</span> <span class='ocrx_word' id='word_1_108' title='bbox 1417 3782 1660 3917; x_wconf 78' lang='lat' dir='ltr'>&#39;periodum</span> <span class='ocrx_word' id='word_1_109' title='bbox 1711 3780 1871 3882; x_wconf 88' lang='lat' dir='ltr'>consti·</span> 
     </span>
     <span class='ocr_line' id='line_1_19' title="bbox 431 3969 1723 4114; baseline -0.014 -27"><span class='ocrx_word' id='word_1_110' title='bbox 431 4026 438 4035; x_wconf 44' lang='lat'>&#39;·</span> <span class='ocrx_word' id='word_1_111' title='bbox 518 3980 676 4108; x_wconf 87' lang='lat' dir='ltr'>tuisse,</span> <span class='ocrx_word' id='word_1_112' title='bbox 713 3978 882 4114; x_wconf 92' lang='lat' dir='ltr'>absque</span> <span class='ocrx_word' id='word_1_113' title='bbox 919 3979 1045 4075; x_wconf 92' lang='lat' dir='ltr'>omni</span> <span class='ocrx_word' id='word_1_114' title='bbox 1079 3971 1217 4073; x_wconf 93' lang='lat' dir='ltr'>dubio</span> <span class='ocrx_word' id='word_1_115' title='bbox 1253 3970 1528 4073; x_wconf 89' lang='lat' dir='ltr'>contendere</span> <span class='ocrx_word' id='word_1_116' title='bbox 1561 3969 1723 4072; x_wconf 84' lang='lat' dir='ltr'>iicebit.</span> 
     </span>
    </p>

    <p class='ocr_par' dir='ltr' id='par_1_6' title="bbox 587 4155 1867 4292">
     <span class='ocr_line' id='line_1_20' title="bbox 587 4155 1867 4292; baseline -0.015 -17"><span class='ocrx_word' id='word_1_117' title='bbox 587 4174 802 4275; x_wconf 84' lang='lat' dir='ltr'>Alterum</span> <span class='ocrx_word' id='word_1_118' title='bbox 839 4200 948 4269; x_wconf 88' lang='lat' dir='ltr'>mox</span> <span class='ocrx_word' id='word_1_119' title='bbox 984 4162 1066 4265; x_wconf 89' lang='lat' dir='ltr'>fuit</span> <span class='ocrx_word' id='word_1_120' title='bbox 1099 4162 1291 4264; x_wconf 88' lang='lat' dir='ltr'>stadium</span> <span class='ocrx_word' id='word_1_121' title='bbox 1326 4169 1428 4258; x_wconf 88' lang='lat' dir='ltr'>artis</span> <span class='ocrx_word' id='word_1_122' title='bbox 1463 4167 1740 4292; x_wconf 89' lang='lat' dir='ltr'>empiricae‚</span> <span class='ocrx_word' id='word_1_123' title='bbox 1778 4155 1867 4291; x_wconf 75' lang='lat' dir='ltr'>qud</span> 
     </span>
    </p>
   </div>
   <div class='ocr_carea' id='block_1_5' title="bbox 519 4343 1867 4634">
    <p class='ocr_par' dir='ltr' id='par_1_7' title="bbox 519 4343 1867 4634">
     <span class='ocr_line' id='line_1_21' title="bbox 519 4343 1864 4493; baseline -0.022 -23"><span class='ocrx_word' id='word_1_124' title='bbox 519 4369 630 4489; x_wconf 84' lang='lat' dir='ltr'>viri,</span> <span class='ocrx_word' id='word_1_125' title='bbox 667 4356 870 4464; x_wconf 75' lang='lat' dir='ltr'>doctrind</span> <span class='ocrx_word' id='word_1_126' title='bbox 904 4377 1040 4493; x_wconf 89' lang='lat' dir='ltr'>atque</span> <span class='ocrx_word' id='word_1_127' title='bbox 1075 4358 1341 4455; x_wconf 87' lang='lat' dir='ltr'>auctoritate</span> <span class='ocrx_word' id='word_1_128' title='bbox 1375 4345 1633 4454; x_wconf 79' lang='lat' dir='ltr'>ornatissimi</span> <span class='ocrx_word' id='word_1_129' title='bbox 1644 4423 1662 4474; x_wconf 90' lang='lat'><em>,</em></span> <span class='ocrx_word' id='word_1_130' title='bbox 1713 4343 1864 4447; x_wconf 88' lang='lat' dir='ltr'>obser·</span> 
     </span>
     <span class='ocr_line' id='line_1_22' title="bbox 1792 4567 1867 4634; baseline -0.013 0"><span class='ocrx_word' id='word_1_131' title='bbox 1792 4567 1867 4634; x_wconf 86' lang='lat' dir='ltr'>va·</span> 
     </span>
    </p>
   </div>
   <div class='ocr_carea' id='block_1_6' title="bbox 0 0 2292 5874">
    <p class='ocr_par' dir='ltr' id='par_1_8' title="bbox 0 0 2292 5874">
     <span class='ocr_line' id='line_1_23' title="bbox 0 0 2292 5874; baseline 0 4"><span class='ocrx_word' id='word_1_132' title='bbox 0 0 2292 5874; x_wconf 95' lang='lat' dir='ltr'> </span> 
     </span>
    </p>
   </div>
  </div>
 </body>
</html>
