4552 5880
1037 560 1316 656 ¹....28....

500 817 547 885 et
588 791 810 890 incertum
849 781 980 886 facile
1026 782 1201 888 dixeris.
1275 746 1361 892 Illa
1395 781 1604 916 profecto
1648 812 1850 917 compre·

480 969 696 1098 -hendit,
750 971 876 1108 quod
921 981 967 1073 in
1014 971 1133 1071 certa
1189 971 1504 1073 observatione
1549 957 1850 1105 conspicitur,

500 1158 662 1298 quod,
693 1159 832 1260 velut·
852 1157 1203 1265 consectaneum
1239 1163 1335 1262 'veri
1375 1165 1569 1260 nominis
1583 1174 1606 1283 ,'
1645 1192 1702 1257 ex
1752 1157 1851 1292 ipsis
1891 1194 1896 1204 ·

498 1355 814 1480 experimentis
856 1349 1100 1484 colligitur,
1137 1313 1234 1448 tuns
1281 1349 1337 1449 ad
1379 1382 1535 1449 veram
1572 1352 1852 1447 existimatio

497 1567 609 1633 nem
650 1535 841 1642 ducitun
911 1535 1051 1639 Haec
1091 1535 1357 1670 posxtionem
1398 1534 1535 1669 ipsam
1577 1565 1653 1631 aut
1713 1533 1853 1633 corol·
1899 1530 1903 1538 ’

500 1721 657 1841 larium
721 1721 821 1823 ullas
883 1729 1131 1821 communis
1194 1723 1435 1838 constituit.
1521 1722 1721 1824 Scientia
1783 1675 1857 1819 illa

498 1918 737 2048 empirica,
786 1945 952 2049 quam,
992 1946 1081 2046 pro
1120 1913 1296 2013 infinito
1335 1912 1432 2012 sere
1459 1910 1853 2012 'observationum

496 2133 717 2235 numero,
741 2131 902 2232 aeque
952 2101 1168 2201 infinitam
1198 2098 1470 2232 'praedicem'
1513 2095 1851 2199 consensionem
1904 2192 1912 2203 .

492 2289 569 2391 fibi
641 2293 735 2393 vult
788 2292 969 2391 finalem
1005 2271 1374 2392 observationum
1405 2289 1525 2391 bene
1572 2291 1850 2414 multarum,

498 2506 609 2607 quas
649 2505 742 2574 uno
782 2475 904 2607 quasi
939 2503 1042 2575 actu
1075 2506 1121 2573 et
1163 2479 1255 2575 ictu
1299 2471 1675 2606 comprehendit,
1715 2503 1850 2610 atque

499 2662 597 2763 finis
645 2670 810 2805 'earum
856 2690 934 2762 eo
952 2669 1132 2796 gravior
1181 2670 1297 2784 erit,
1335 2695 1428 2795 quo
1474 2669 1615 2796 magis
1664 2695 1722 2759 ex
1770 2659 1853 2760 usu
1935 2641 1942 2656 ⁶

494 2854 692 2984 practico
743 2848 890 2984 oolligi
935 2854 1115 2982 poterit.
1197 2847 1335 2948 Haec
1388 2846 1648 2981 experiundi
1707 2854 1820 2947 ratio
1833 2921 1852 2969 ,

496 3067 548 3138 ut
583 3047 724 3134 'cum
776 3034 1009 3132 clarissrmo
1066 3065 1140 3133 no
1156 3065 1332 3155 xnro,
1383 3033 1538 3167 insigni
1583 3004 1698 3133 inter
1745 3034 1853 3134 alios

495 3221 771 3324 Germaniae
810 3219 976 3318 decore
990 3292 1005 3340 ‚
1042 3215 1226 3341 dicam,
1259 3293 1297 3343 ‚‚
1323 3249 1421 3318 non
1458 3215 1547 3318 sola
1589 3252 1657 3320 est
1689 3221 1854 3357 agendi

409 3467 413 3471 ·
499 3482 539 3534 ‚,
572 3413 682 3507 ratio
718 3439 802 3539 pro
844 3404 986 3506 lubitu
1019 3436 1072 3503 ac
1108 3402 1265 3530 sensu,
1303 3438 1378 3505 aut
1406 3408 1596 3510 'arbitrio
1631 3411 1852 3544 suscepta,

498 3657 534 3722 ‚v‚
569 3565 674 3693 nec·
707 3588 915 3691 effectus·
950 3587 1198 3715 sensuum,
1233 3591 1414 3695 videndi
1426 3671 1442 3720 ,
1480 3596 1713 3721 audiendi,
1750 3630 1853 3733 gus-

498 3854 535 3908 ‚,
568 3777 722 3904 tandi,
759 3777 944 3876 olfactus
975 3810 1048 3877 aut
1073 3777 1314 3912 tangendi,
1356 3782 1483 3912 quod
1512 3792 1562 3885 in
1592 3790 1854 3918 organismo

499 3972 765 4100 „ejusque
807 3962 1123 4064 mutationibus
1162 3960 1489 4089 observantur3
1537 4003 1603 4070 ast
1634 3970 1853 4105 ejusmodi

499 4229 537 4282 „
573 4150 762 4259 effectus
813 4160 861 4255 in
898 4183 955 4252 eo
968 4227 984 4276 ,
1021 4156 1097 4289 qui
1139 4158 1445 4290 experimenta
1479 4157 1675 4283 sacit„e
1719 4160 1853 4258 rebus

503 4340 714 4477 „sensui
777 4372 823 4442 et
878 4344 1036 4442 rationi
1098 4337 1298 4471 subjectis
1352 4346 1544 4475 petitus,
1591 4351 1853 4482 pariterque

1690 4613 1727 4665 >a
1761 4569 1856 4672 Ope
