4552 5880
988 589 1270 688 ...32—

459 860 493 911 „
531 781 722 884 notior.''
783 785 865 918 (Β)
956 784 1091 914 Im0,
1129 788 1407 913 Auditores,
1463 786 1581 889 hanc
1629 802 1808 918 unam,

457 1005 707 1105 veramque
747 977 891 1096 viam,
930 1006 1047 1107 quae
1093 973 1149 1072 ad
1181 1006 1352 1073 certam
1391 973 1618 1077 scientiam
1653 974 1808 1102 ducit,
1860 1034 1864 1039 -

455 1161 634 1263 Medici
652 1164 747 1295 jam
773 1167 1021 1287 iniverunt,
1049 1195 1193 1298 caque
1226 1159 1402 1296 semper
1431 1195 1589 1298 postea
1615 1164 1811 1265 ineunda

457 1350 554 1451 erit.
628 1349 893 1477 Iniverunt,
930 1359 1148 1488 inquam,
1185 1353 1287 1456 Viri
1308 1359 1681 1487 praestantiores,
1714 1360 1811 1487 qui,

446 1541 580 1641 nullo
616 1537 843 1673 systemati
889 1539 1204 1665 inservientes,
1257 1540 1496 1666 viderunt,
1550 1541 1677 1676 quod
1714 1573 1811 1642 erat

462 1724 822 1856 conspiciendum
833 1764 847 1840 3
907 1732 1011 1857 qui,
1060 1724 1259 1824 instructi
1323 1733 1504 1859 optimis
1545 1726 1816 1830 observandi

457 1913 702 2051 praefidiis,
761 1947 866 2015 vera
916 1948 942 2014 a
981 1911 1092 2013 falfis
1129 1911 1456 2041 distinxerunt,
1503 1919 1655 2015 omnia
1697 1923 1815 2016 inter

462 2102 509 2206 se
552 2109 915 2238 conjunxerunt,
971 2131 1024 2200 ut
1080 2134 1242 2203 verum
1293 2086 1640 2242 cognosceretur
1648 2147 1662 2225 3
1711 2104 1817 2211 Viri

460 2292 519 2394 illi
583 2291 924 2423 prudentiores,
982 2321 1079 2390 non
1122 2292 1392 2420 -conjecturd
1458 2290 1682 2415 audaces,
1741 2323 1817 2394 aut

461 2512 636 2584 temere
681 2478 969 2603 festinantes,
1007 2510 1093 2578 nec
1147 2474 1240 2576 solo
1279 2474 1492 2577 defiderio
1541 2485 1627 2578 acti
1673 2511 1814 2615 atque

461 2671 607 2774 studio
650 2667 921 2805 repetendi,
980 2665 1103 2801 quod
1145 2666 1211 2766 alii
1261 2668 1447 2800 jamjam
1494 2662 1818 2788 observdrant3

451 2830 594 2983 Vm,
631 2857 843 2979 tandem,
879 2855 1126 2956 structurae
1164 2862 1361 2985 corporis
1401 2887 1447 2951 et
1484 2860 1725 2987 organismi
1756 2864 1820 2956 ita

463 3053 720 3182 peritiores,
749 3072 969 3176 quantum
1001 3036 1187 3171 quidem
1205 3067 1289 3169 pro
1319 3037 1625 3140 modulatione
1650 3044 1821 3179 ingenii

465 3214 542 3334 aut
586 3238 760 3330 ratione
804 3232 1022 3357 temporis
1075 3232 1322 3357 comparari
1370 3233 1540 3358 potuit:
1578 3227 1626 3331 hi
1660 3262 1822 3333 omnes

466 3428 589 3527 virm
617 3418 733 3519 hanc
768 3422 939 3552 regiam
967 3412 1149 3550 ingresfi
1175 3410 1287 3516 sunt.
1359 3414 1480 3520 Cum
1514 3418 1644 3546 luce,
1678 3453 1821 3556 quam

470 3606 807 3730 accenderunt,
874 3635 1047 3707 novum
1119 3604 1245 3707 fimul
1313 3603 1561 3709 medicinae
1623 3606 1823 3712 studium

472 3802 726 3930 aperierunt
780 3792 970 3925 ejusque
1019 3790 1246 3893 scientiam
1299 3793 1559 3919 firmitunt,
1613 3803 1821 3929 quamvis

475 3985 532 4091 ad
583 3984 804 4141 summam
843 3979 1170 4121 perfectionem
1210 3980 1456 4121 perducere
1495 4021 1729 4128 nunquam
1772 3994 1822 4093 in

1693 4208 1819 4282 men·

521 4411 598 4534 (a)
622 4412 643 4487 ι.
667 4434 695 4487 a.
