4552 5880
995 619 1240 727 ...6.-

438 851 646 955 benevoli
691 844 937 985 accipiatis}
981 885 1130 990 rogo,
1177 882 1317 989 peto,
1352 845 1570 956 ob'testor.
1641 851 1785 991 Quod

441 1046 674 1180 superest,
725 1032 867 1148 salv'os
917 1078 1000 1146 ros
1035 1077 1173 1181 atque
1207 1043 1453 1149 incolumes
1488 1043 1619 1145 Deus
1655 1044 1787 1180 Opti·

442 1268 543 1337 mus
576 1236 811 1338 Maximus
834 1235 922 1337 'diu
957 1233 1222 1362 conservet,
1261 1241 1309 1335 in
1329 1234 1532 1336 Civitatis
1545 1234 1785 1362 ,Patriae,

440 1427 696 1556 Athenaei,
739 1431 995 1533 Lircrurum
1010 1507 1025 1558 ,
1064 1461 1310 1565 rerumque
1335 1434 1542 1531 omnium
1563 1428 1784 1533 bonarum

439 1617 607 1753 insigne
644 1617 779 1717 decus
796 1696 812 1744 ,
849 1651 960 1744 oro,
997 1650 1190 1752 precor,
1229 1616 1447 1750 supplico!

507 1808 677 1940 Atque
709 1813 771 1908 ita
807 1808 1012 1910 etiam'et
1035 1841 1150 1932 vos,
1171 1806 1273 1914 Viri
1296 1802 1544 1931 clarissimi,
1568 1805 1787 1942 Collegae

440 1993 794 2096 honoratisfimi!
873 1999 1176 2097 doctrinarum
1237 2026 1614 2134 quarumcunque
1679 1996 1791 2098 Pro·

440 2181 660 2310 sessores,
697 2185 755 2285 ad
791 2182 990 2288 eundem
1024 2215 1230 2286 amorem
1264 2218 1309 2284 et
1344 2184 1548 2289 savorem
1596 2184 1792 2321 compel-

442 2375 532 2472 lare
581 2376 736 2472 velim.
829 2371 1083 2509 Egregium
1134 2374 1316 2504 quidem
1365 2373 1470 2470 illud
1519 2375 1792 2472 Curatorum

444 2561 813 2698 amplisfimorum
868 2558 1167 2684 beneficium,
1218 2567 1265 2662 in
1310 2592 1387 2662 me
1422 2560 1645 2689 delatum,
1703 2560 1794 2662 hoc

442 2750 520 2851 srbi
567 2750 702 2850 habet
742 2747 981 2886 peculiare
1032 2782 1170 2889 atque
1215 2757 1484 2886 proprium,
1550 2782 1600 2851 ut
1650 2752 1797 2856 ordini

443 2971 595 3042 vestro
644 2935 918 3075 adscriptum
993 2935 1193 3079 nihilque
1267 2932 1415 3036 adhuc
1481 2935 1793 3068 tribuentem,

442 3118 715 3251 literarum,
744 3129 1056 3251 scientiarum,
1109 3125 1415 3226 doctrinarum
1464 3156 1510 3226 et
1558 3127 1795 3230 utilitatum

447 3316 706 3418 socie'tatem
757 3314 997 3415 vobiscum
1047 3317 1157 3413 inire
1190 3344 1267 3414 me
1301 3319 1563 3447 patiamini,
1601 3325 1712 3452 quin
1748 3306 1797 3420 et

445 3509 583 3610 multa
632 3504 742 3606 mihi
788 3503 847 3605 de
885 3506 986 3636 jure
1032 3534 1187 3604 vestro
1222 3503 1509 3626 concedatis3
1555 3505 1664 3609 mihi
1698 3538 1799 3642 pto-

447 3697 598 3822 fecto,
655 3701 735 3828 qui
783 3697 1015 3794 tenuitatis
1061 3726 1192 3794 meae
1238 3695 1359 3797 bene
1410 3696 1639 3822 conscius,
1708 3691 1800 3795 hoc

449 3882 608 3986 ordine
641 3889 716 3983 vix
749 3911 802 3982 ac
828 3891 899 3984 ‘ne
932 3886 1009 3982 vix
1045 3878 1233 4016 quidem
1254 3879 1415 4018 dignus
1435 3879 1602 3989 videar.
1674 3883 1797 3984 Cum

450 4108 563 4180 vero
610 4083 658 4177 in
705 4072 856 4178 studiis
904 4103 1041 4209 arque
1088 4072 1219 4177 literis
1269 4072 1375 4177 nihil
1423 4071 1660 4177 humanius
1705 4075 1799 4176 fieri

450 4298 624 4404 potest,
661 4264 741 4366 nili
773 4297 822 4365 ut
855 4262 1059 4366 doctrina
1091 4262 1289 4396 superior
1321 4294 1367 4364 et
1401 4265 1638 4398 sapientia,
1674 4263 1797 4368 sacris
1841 4293 1850 4307 ·

453 4492 500 4561 et
536 4457 703 4595 scriptis
746 4453 950 4560 larisfirue
984 4452 1237 4584 celebrata,
1286 4453 1529 4581 studiosum
1563 4488 1611 4558 et
1640 4454 1799 4556 laboris

1649 4679 1800 4749 aman·
