<?xml version="1.0" encoding="UTF-8"?>
<!DOCTYPE html PUBLIC "-//W3C//DTD XHTML 1.0 Transitional//EN"
    "http://www.w3.org/TR/xhtml1/DTD/xhtml1-transitional.dtd">
<html xmlns="http://www.w3.org/1999/xhtml" xml:lang="en" lang="en">
 <head>
  <title>
</title>
<meta http-equiv="Content-Type" content="text/html;charset=utf-8" />
  <meta name='ocr-system' content='tesseract 3.04.00' />
  <meta name='ocr-capabilities' content='ocr_page ocr_carea ocr_par ocr_line ocrx_word'/>
</head>
<body>
  <div class='ocr_page' id='page_1' title='image "./oratiodeunaatqu00breggoog_0059.png"; bbox 0 0 4552 5880; ppageno 0'>
   <div class='ocr_carea' id='block_1_1' title="bbox 986 605 1286 731">
    <p class='ocr_par' dir='ltr' id='par_1_1' title="bbox 986 605 1286 731">
     <span class='ocr_line' id='line_1_1' title="bbox 986 605 1286 731; baseline 0 -76"><span class='ocrx_word' id='word_1_1' title='bbox 986 649 1067 683; x_wconf 78' lang='grc'><strong>,,,,,</strong></span> <span class='ocrx_word' id='word_1_2' title='bbox 1099 605 1165 731; x_wconf 73' lang='lat'><strong>4,</strong></span> <span class='ocrx_word' id='word_1_3' title='bbox 1201 644 1286 681; x_wconf 41' lang='lat'><em>=......</em></span> 
     </span>
    </p>
   </div>
   <div class='ocr_carea' id='block_1_2' title="bbox 301 814 1811 2662">
    <p class='ocr_par' dir='ltr' id='par_1_2' title="bbox 301 814 1811 2662">
     <span class='ocr_line' id='line_1_2' title="bbox 464 814 1806 967; baseline 0.001 -38"><span class='ocrx_word' id='word_1_4' title='bbox 464 855 782 963; x_wconf 76' lang='lat' dir='ltr'><strong>quaecumque</strong></span> <span class='ocrx_word' id='word_1_5' title='bbox 819 828 939 931; x_wconf 90' lang='lat' dir='ltr'><strong>bona</strong></span> <span class='ocrx_word' id='word_1_6' title='bbox 980 833 1182 967; x_wconf 88' lang='lat' dir='ltr'><strong>sperant,</strong></span> <span class='ocrx_word' id='word_1_7' title='bbox 1213 814 1446 934; x_wconf 82' lang='lat' dir='ltr'><strong>convertat</strong></span> <span class='ocrx_word' id='word_1_8' title='bbox 1487 827 1581 931; x_wconf 88' lang='lat' dir='ltr'><strong>sese</strong></span> <span class='ocrx_word' id='word_1_9' title='bbox 1623 829 1806 932; x_wconf 88' lang='lat' dir='ltr'><strong>tandem</strong></span> 
     </span>
     <span class='ocr_line' id='line_1_3' title="bbox 301 1018 1806 1158; baseline 0.003 -43"><span class='ocrx_word' id='word_1_10' title='bbox 301 1085 305 1089; x_wconf 92' lang='lat'><em>-</em></span> <span class='ocrx_word' id='word_1_11' title='bbox 453 1050 562 1118; x_wconf 90' lang='lat' dir='ltr'><strong>mea</strong></span> <span class='ocrx_word' id='word_1_12' title='bbox 587 1021 760 1123; x_wconf 87' lang='lat' dir='ltr'><strong>Oratio.</strong></span> <span class='ocrx_word' id='word_1_13' title='bbox 831 1021 971 1158; x_wconf 85' lang='lat' dir='ltr'><strong>Quod</strong></span> <span class='ocrx_word' id='word_1_14' title='bbox 996 1027 1040 1123; x_wconf 92' lang='lat' dir='ltr'><strong>in</strong></span> <span class='ocrx_word' id='word_1_15' title='bbox 1068 1055 1161 1122; x_wconf 88' lang='lat' dir='ltr'><strong>arte</strong></span> <span class='ocrx_word' id='word_1_16' title='bbox 1183 1018 1530 1126; x_wconf 65' lang='lat' dir='ltr'><strong>nostrimedicd</strong></span> <span class='ocrx_word' id='word_1_17' title='bbox 1553 1020 1806 1122; x_wconf 88' lang='lat' dir='ltr'><strong>cavendum</strong></span> 
     </span>
     <span class='ocr_line' id='line_1_4' title="bbox 461 1207 1804 1345; baseline 0.003 -43"><span class='ocrx_word' id='word_1_18' title='bbox 461 1212 579 1330; x_wconf 89' lang='lat' dir='ltr'><strong>crit,</strong></span> <span class='ocrx_word' id='word_1_19' title='bbox 616 1208 722 1340; x_wconf 92' lang='lat' dir='ltr'><strong>quid</strong></span> <span class='ocrx_word' id='word_1_20' title='bbox 771 1208 846 1308; x_wconf 89' lang='lat' dir='ltr'><strong>vel</strong></span> <span class='ocrx_word' id='word_1_21' title='bbox 886 1212 1280 1345; x_wconf 88' lang='lat' dir='ltr'><strong>prospiciendum,</strong></span> <span class='ocrx_word' id='word_1_22' title='bbox 1324 1243 1399 1310; x_wconf 91' lang='lat' dir='ltr'><strong>aut</strong></span> <span class='ocrx_word' id='word_1_23' title='bbox 1449 1207 1804 1332; x_wconf 86' lang='lat' dir='ltr'><strong>consulendum,</strong></span> 
     </span>
     <span class='ocr_line' id='line_1_5' title="bbox 459 1392 1806 1536; baseline 0.007 -46"><span class='ocrx_word' id='word_1_24' title='bbox 459 1424 536 1491; x_wconf 92' lang='lat' dir='ltr'><strong>aut</strong></span> <span class='ocrx_word' id='word_1_25' title='bbox 592 1392 899 1528; x_wconf 88' lang='lat' dir='ltr'><strong>sequendum,</strong></span> <span class='ocrx_word' id='word_1_26' title='bbox 964 1433 1039 1499; x_wconf 89' lang='lat' dir='ltr'><strong>aut</strong></span> <span class='ocrx_word' id='word_1_27' title='bbox 1070 1400 1346 1536; x_wconf 86' lang='lat' dir='ltr'><strong>..fugiendum</strong></span> <span class='ocrx_word' id='word_1_28' title='bbox 1391 1398 1469 1523; x_wconf 83' lang='lat' dir='ltr'><strong>stt,</strong></span> <span class='ocrx_word' id='word_1_29' title='bbox 1519 1397 1806 1499; x_wconf 80' lang='lat' dir='ltr'><strong>intellexistis.</strong></span> 
     </span>
     <span class='ocr_line' id='line_1_6' title="bbox 458 1581 1807 1716; baseline -0.003 -32"><span class='ocrx_word' id='word_1_30' title='bbox 458 1581 660 1704; x_wconf 82' lang='lat' dir='ltr'><strong>Laudis,</strong></span> <span class='ocrx_word' id='word_1_31' title='bbox 719 1584 946 1684; x_wconf 87' lang='lat' dir='ltr'><strong>doctrinae</strong></span> <span class='ocrx_word' id='word_1_32' title='bbox 1011 1618 1058 1683; x_wconf 91' lang='lat' dir='ltr'><strong>ct</strong></span> <span class='ocrx_word' id='word_1_33' title='bbox 1114 1596 1339 1711; x_wconf 80' lang='lat' dir='ltr'><strong>ueritatis,</strong></span> <span class='ocrx_word' id='word_1_34' title='bbox 1378 1595 1591 1686; x_wconf 85' lang='lat' dir='ltr'><strong>comitem</strong></span> <span class='ocrx_word' id='word_1_35' title='bbox 1634 1583 1807 1716; x_wconf 84' lang='lat' dir='ltr'><strong>absque</strong></span> 
     </span>
     <span class='ocr_line' id='line_1_7' title="bbox 450 1767 1809 1906; baseline 0.002 -43"><span class='ocrx_word' id='word_1_36' title='bbox 450 1767 594 1868; x_wconf 79' lang='lat' dir='ltr'><strong>,dubio</strong></span> <span class='ocrx_word' id='word_1_37' title='bbox 625 1800 707 1869; x_wconf 90' lang='lat' dir='ltr'><strong>vos</strong></span> <span class='ocrx_word' id='word_1_38' title='bbox 751 1778 931 1896; x_wconf 91' lang='lat' dir='ltr'><strong>amatis,</strong></span> <span class='ocrx_word' id='word_1_39' title='bbox 979 1779 1056 1906; x_wconf 94' lang='lat' dir='ltr'><strong>qui</strong></span> <span class='ocrx_word' id='word_1_40' title='bbox 1096 1772 1331 1874; x_wconf 86' lang='lat' dir='ltr'><strong>vobiscum</strong></span> <span class='ocrx_word' id='word_1_41' title='bbox 1368 1772 1540 1872; x_wconf 84' lang='lat' dir='ltr'><strong>caussas</strong></span> <span class='ocrx_word' id='word_1_42' title='bbox 1577 1795 1725 1870; x_wconf 89' lang='lat' dir='ltr'><strong>rerum</strong></span> <span class='ocrx_word' id='word_1_43' title='bbox 1763 1799 1809 1867; x_wconf 92' lang='lat' dir='ltr'><strong>et</strong></span> 
     </span>
     <span class='ocr_line' id='line_1_8' title="bbox 454 1958 1805 2095; baseline 0 -41"><span class='ocrx_word' id='word_1_44' title='bbox 454 1961 668 2090; x_wconf 83' lang='lat' dir='ltr'><strong>principia</strong></span> <span class='ocrx_word' id='word_1_45' title='bbox 711 1966 966 2094; x_wconf 88' lang='lat' dir='ltr'><strong>vestigare,</strong></span> <span class='ocrx_word' id='word_1_46' title='bbox 999 1992 1236 2095; x_wconf 78' lang='lat' dir='ltr'><strong>artemque</strong></span> <span class='ocrx_word' id='word_1_47' title='bbox 1271 1985 1471 2061; x_wconf 89' lang='lat' dir='ltr'><strong>nostram</strong></span> <span class='ocrx_word' id='word_1_48' title='bbox 1505 1958 1805 2093; x_wconf 88' lang='lat' dir='ltr'><strong>praeclaram,</strong></span> 
     </span>
     <span class='ocr_line' id='line_1_9' title="bbox 457 2147 1808 2285; baseline -0.009 -28"><span class='ocrx_word' id='word_1_49' title='bbox 457 2157 506 2257; x_wconf 89' lang='lat' dir='ltr'><strong>in</strong></span> <span class='ocrx_word' id='word_1_50' title='bbox 540 2147 828 2250; x_wconf 69' lang='lat' dir='ltr'><strong>observandis</strong></span> <span class='ocrx_word' id='word_1_51' title='bbox 866 2183 911 2251; x_wconf 90' lang='lat' dir='ltr'><strong>et</strong></span> <span class='ocrx_word' id='word_1_52' title='bbox 954 2153 1156 2254; x_wconf 84' lang='lat' dir='ltr'><strong>curandis</strong></span> <span class='ocrx_word' id='word_1_53' title='bbox 1192 2152 1360 2253; x_wconf 90' lang='lat' dir='ltr'><strong>morbis</strong></span> <span class='ocrx_word' id='word_1_54' title='bbox 1387 2153 1444 2252; x_wconf 88' lang='lat' dir='ltr'><strong>ad</strong></span> <span class='ocrx_word' id='word_1_55' title='bbox 1475 2153 1691 2285; x_wconf 90' lang='lat' dir='ltr'><strong>majorem</strong></span> <span class='ocrx_word' id='word_1_56' title='bbox 1715 2177 1808 2247; x_wconf 90' lang='lat' dir='ltr'><strong>cer·</strong></span> 
     </span>
     <span class='ocr_line' id='line_1_10' title="bbox 457 2338 1809 2477; baseline 0.001 -45"><span class='ocrx_word' id='word_1_57' title='bbox 457 2338 653 2435; x_wconf 86' lang='lat' dir='ltr'><strong>titudinis</strong></span> <span class='ocrx_word' id='word_1_58' title='bbox 701 2338 891 2472; x_wconf 87' lang='lat' dir='ltr'><strong>gradum</strong></span> <span class='ocrx_word' id='word_1_59' title='bbox 941 2348 1112 2477; x_wconf 85' lang='lat' dir='ltr'><strong>erigere</strong></span> <span class='ocrx_word' id='word_1_60' title='bbox 1158 2367 1295 2475; x_wconf 89' lang='lat' dir='ltr'><strong>atque</strong></span> <span class='ocrx_word' id='word_1_61' title='bbox 1343 2341 1521 2439; x_wconf 89' lang='lat' dir='ltr'><strong>elevare</strong></span> <span class='ocrx_word' id='word_1_62' title='bbox 1566 2347 1621 2438; x_wconf 92' lang='lat' dir='ltr'><strong>in</strong></span> <span class='ocrx_word' id='word_1_63' title='bbox 1659 2344 1809 2439; x_wconf 90' lang='lat' dir='ltr'><strong>animo</strong></span> 
     </span>
     <span class='ocr_line' id='line_1_11' title="bbox 449 2523 1811 2662; baseline -0.001 -34"><span class='ocrx_word' id='word_1_64' title='bbox 449 2523 654 2629; x_wconf 83' lang='lat' dir='ltr'><strong>habeat..</strong></span> <span class='ocrx_word' id='word_1_65' title='bbox 730 2527 808 2627; x_wconf 90' lang='lat' dir='ltr'><strong>En</strong></span> <span class='ocrx_word' id='word_1_66' title='bbox 853 2540 1070 2629; x_wconf 92' lang='lat' dir='ltr'><strong>comitem</strong></span> <span class='ocrx_word' id='word_1_67' title='bbox 1104 2529 1251 2627; x_wconf 73' lang='lat' dir='ltr'><strong>:talem</strong></span> <span class='ocrx_word' id='word_1_68' title='bbox 1299 2558 1435 2662; x_wconf 90' lang='lat' dir='ltr'><strong>atque</strong></span> <span class='ocrx_word' id='word_1_69' title='bbox 1484 2535 1679 2626; x_wconf 91' lang='lat' dir='ltr'><strong>amicum</strong></span> <span class='ocrx_word' id='word_1_70' title='bbox 1733 2557 1811 2626; x_wconf 88' lang='lat' dir='ltr'><strong>me</strong></span> 
     </span>
    </p>
   </div>
   <div class='ocr_carea' id='block_1_3' title="bbox 454 2711 1810 3223">
    <p class='ocr_par' dir='ltr' id='par_1_3' title="bbox 454 2711 1810 3223">
     <span class='ocr_line' id='line_1_12' title="bbox 454 2711 1810 2851; baseline -0.003 -33"><span class='ocrx_word' id='word_1_71' title='bbox 454 2717 582 2818; x_wconf 92' lang='lat' dir='ltr'><strong>vobis</strong></span> <span class='ocrx_word' id='word_1_72' title='bbox 629 2715 914 2836; x_wconf 86' lang='lat' dir='ltr'><strong>moderatum</strong></span> <span class='ocrx_word' id='word_1_73' title='bbox 960 2714 1105 2817; x_wconf 86' lang='lat' dir='ltr'><strong>offero</strong></span> <span class='ocrx_word' id='word_1_74' title='bbox 1120 2789 1136 2840; x_wconf 91' lang='lat'><strong>,</strong></span> <span class='ocrx_word' id='word_1_75' title='bbox 1194 2717 1404 2851; x_wconf 83' lang='lat' dir='ltr'><strong>praebeo,</strong></span> <span class='ocrx_word' id='word_1_76' title='bbox 1485 2715 1639 2818; x_wconf 87' lang='lat' dir='ltr'><strong>Pauca</strong></span> <span class='ocrx_word' id='word_1_77' title='bbox 1669 2711 1810 2815; x_wconf 82' lang='lat' dir='ltr'><strong>-vobis</strong></span> 
     </span>
     <span class='ocr_line' id='line_1_13' title="bbox 457 2903 1808 3038; baseline -0.006 -36"><span class='ocrx_word' id='word_1_78' title='bbox 457 2904 653 3038; x_wconf 90' lang='lat' dir='ltr'><strong>polliceri</strong></span> <span class='ocrx_word' id='word_1_79' title='bbox 695 2906 873 3037; x_wconf 83' lang='lat' dir='ltr'><strong>possum</strong></span> <span class='ocrx_word' id='word_1_80' title='bbox 888 2945 902 3020; x_wconf 91' lang='lat'>;</span> <span class='ocrx_word' id='word_1_81' title='bbox 934 2937 1006 3001; x_wconf 88' lang='lat' dir='ltr'><strong>ast</strong></span> <span class='ocrx_word' id='word_1_82' title='bbox 1041 2904 1314 3036; x_wconf 88' lang='lat' dir='ltr'><strong>diligentiam</strong></span> <span class='ocrx_word' id='word_1_83' title='bbox 1330 2975 1345 3023; x_wconf 98' lang='lat'><strong>,</strong></span> <span class='ocrx_word' id='word_1_84' title='bbox 1381 2903 1682 3025; x_wconf 87' lang='lat' dir='ltr'><strong>alacritatem,</strong></span> <span class='ocrx_word' id='word_1_85' title='bbox 1715 2930 1808 2995; x_wconf 84' lang='lat' dir='ltr'><strong>mo</strong></span> 
     </span>
     <span class='ocr_line' id='line_1_14' title="bbox 456 3083 1809 3223; baseline -0.003 -32"><span class='ocrx_word' id='word_1_86' title='bbox 456 3091 643 3192; x_wconf 88' lang='lat' dir='ltr'><strong>destiam</strong></span> <span class='ocrx_word' id='word_1_87' title='bbox 677 3097 939 3223; x_wconf 88' lang='lat' dir='ltr'><strong>promittere</strong></span> <span class='ocrx_word' id='word_1_88' title='bbox 983 3115 1030 3187; x_wconf 89' lang='lat' dir='ltr'><strong>et</strong></span> <span class='ocrx_word' id='word_1_89' title='bbox 1073 3085 1416 3210; x_wconf 89' lang='lat' dir='ltr'><strong>commendare,</strong></span> <span class='ocrx_word' id='word_1_90' title='bbox 1454 3083 1566 3186; x_wconf 89' lang='lat' dir='ltr'><strong>haec</strong></span> <span class='ocrx_word' id='word_1_91' title='bbox 1602 3118 1672 3184; x_wconf 88' lang='lat' dir='ltr'><strong>res</strong></span> <span class='ocrx_word' id='word_1_92' title='bbox 1699 3085 1809 3187; x_wconf 91' lang='lat' dir='ltr'><strong>mihi</strong></span> 
     </span>
    </p>
   </div>
   <div class='ocr_carea' id='block_1_4' title="bbox 457 3244 1808 3411">
    <p class='ocr_par' dir='ltr' id='par_1_4' title="bbox 457 3244 1808 3411">
     <span class='ocr_line' id='line_1_15' title="bbox 457 3244 1808 3411; baseline -0.002 -36"><span class='ocrx_word' id='word_1_93' title='bbox 457 3285 620 3411; x_wconf 87' lang='lat' dir='ltr'><strong>pariter</strong></span> <span class='ocrx_word' id='word_1_94' title='bbox 652 3307 788 3407; x_wconf 84' lang='lat' dir='ltr'><strong>atquc</strong></span> <span class='ocrx_word' id='word_1_95' title='bbox 824 3273 952 3373; x_wconf 87' lang='lat' dir='ltr'><strong>vobis</strong></span> <span class='ocrx_word' id='word_1_96' title='bbox 984 3271 1042 3371; x_wconf 90' lang='lat' dir='ltr'><strong>ad</strong></span> <span class='ocrx_word' id='word_1_97' title='bbox 1070 3271 1258 3407; x_wconf 90' lang='lat' dir='ltr'><strong>gloriam</strong></span> <span class='ocrx_word' id='word_1_98' title='bbox 1295 3244 1470 3373; x_wconf 82' lang='lat' dir='ltr'><strong>valebit.</strong></span> <span class='ocrx_word' id='word_1_99' title='bbox 1543 3273 1643 3374; x_wconf 91' lang='lat' dir='ltr'><strong>Nos</strong></span> <span class='ocrx_word' id='word_1_100' title='bbox 1677 3278 1808 3409; x_wconf 86' lang='lat' dir='ltr'><strong>igitur</strong></span> 
     </span>
    </p>
   </div>
   <div class='ocr_carea' id='block_1_5' title="bbox 329 3459 1859 4515">
    <p class='ocr_par' dir='ltr' id='par_1_5' title="bbox 456 3459 1859 3773">
     <span class='ocr_line' id='line_1_16' title="bbox 460 3459 1804 3594; baseline -0.004 -27"><span class='ocrx_word' id='word_1_101' title='bbox 460 3461 828 3568; x_wconf 88' lang='lat' dir='ltr'><strong>Commilitones!</strong></span> <span class='ocrx_word' id='word_1_102' title='bbox 878 3462 1103 3560; x_wconf 85' lang='lat' dir='ltr'><strong>literarum</strong></span> <span class='ocrx_word' id='word_1_103' title='bbox 1148 3461 1374 3594; x_wconf 87' lang='lat' dir='ltr'><strong>palmam,</strong></span> <span class='ocrx_word' id='word_1_104' title='bbox 1425 3459 1578 3561; x_wconf 92' lang='lat' dir='ltr'><strong>nullibi</strong></span> <span class='ocrx_word' id='word_1_105' title='bbox 1631 3492 1804 3563; x_wconf 86' lang='lat' dir='ltr'><strong>temere</strong></span> 
     </span>
     <span class='ocr_line' id='line_1_17' title="bbox 456 3648 1859 3773; baseline -0.004 -20"><span class='ocrx_word' id='word_1_106' title='bbox 456 3686 619 3755; x_wconf 90' lang='lat' dir='ltr'><strong>tactam</strong></span> <span class='ocrx_word' id='word_1_107' title='bbox 652 3683 726 3752; x_wconf 90' lang='lat' dir='ltr'><strong>aut</strong></span> <span class='ocrx_word' id='word_1_108' title='bbox 757 3680 1011 3751; x_wconf 88' lang='lat' dir='ltr'><strong>exterorum</strong></span> <span class='ocrx_word' id='word_1_109' title='bbox 1033 3648 1238 3773; x_wconf 87' lang='lat' dir='ltr'><strong>manibus</strong></span> <span class='ocrx_word' id='word_1_110' title='bbox 1274 3649 1542 3773; x_wconf 90' lang='lat' dir='ltr'><strong>delibatam,</strong></span> <span class='ocrx_word' id='word_1_111' title='bbox 1579 3649 1805 3752; x_wconf 86' lang='lat' dir='ltr'><strong>servemus</strong></span> <span class='ocrx_word' id='word_1_112' title='bbox 1857 3756 1859 3760; x_wconf 6' lang='grc' dir='ltr'>μ</span> 
     </span>
    </p>

    <p class='ocr_par' dir='ltr' id='par_1_6' title="bbox 329 3835 1857 4515">
     <span class='ocr_line' id='line_1_18' title="bbox 329 3835 1805 3972; baseline -0.003 -29"><span class='ocrx_word' id='word_1_113' title='bbox 329 3924 332 3929; x_wconf 86' lang='grc'>.</span> <span class='ocrx_word' id='word_1_114' title='bbox 458 3842 763 3963; x_wconf 90' lang='lat' dir='ltr'><strong>incolumem,</strong></span> <span class='ocrx_word' id='word_1_115' title='bbox 791 3868 840 3937; x_wconf 93' lang='lat' dir='ltr'><strong>ut</strong></span> <span class='ocrx_word' id='word_1_116' title='bbox 861 3835 1037 3938; x_wconf 89' lang='lat' dir='ltr'><strong>Patriae</strong></span> <span class='ocrx_word' id='word_1_117' title='bbox 1059 3836 1293 3960; x_wconf 89' lang='lat' dir='ltr'><strong>utiliores,</strong></span> <span class='ocrx_word' id='word_1_118' title='bbox 1332 3839 1461 3972; x_wconf 88' lang='lat' dir='ltr'><strong>Regi</strong></span> <span class='ocrx_word' id='word_1_119' title='bbox 1491 3844 1662 3970; x_wconf 90' lang='lat' dir='ltr'><strong>optimo</strong></span> <span class='ocrx_word' id='word_1_120' title='bbox 1685 3873 1805 3941; x_wconf 88' lang='lat' dir='ltr'><strong>com·</strong></span> 
     </span>
     <span class='ocr_line' id='line_1_19' title="bbox 458 4025 1857 4165; baseline -0.004 -30"><span class='ocrx_word' id='word_1_121' title='bbox 458 4031 681 4155; x_wconf 85' lang='lat' dir='ltr'><strong>mendati,</strong></span> <span class='ocrx_word' id='word_1_122' title='bbox 696 4026 985 4165; x_wconf 87' lang='lat' dir='ltr'><strong>Magistratui</strong></span> <span class='ocrx_word' id='word_1_123' title='bbox 1006 4057 1051 4127; x_wconf 93' lang='lat' dir='ltr'><strong>et</strong></span> <span class='ocrx_word' id='word_1_124' title='bbox 1079 4025 1258 4128; x_wconf 88' lang='lat' dir='ltr'><strong>Civitati</strong></span> <span class='ocrx_word' id='word_1_125' title='bbox 1281 4027 1560 4162; x_wconf 90' lang='lat' dir='ltr'><strong>comprobati</strong></span> <span class='ocrx_word' id='word_1_126' title='bbox 1573 4107 1588 4156; x_wconf 97' lang='lat'><strong>,</strong></span> <span class='ocrx_word' id='word_1_127' title='bbox 1612 4031 1810 4132; x_wconf 89' lang='lat' dir='ltr'><strong>Civium·</strong></span> <span class='ocrx_word' id='word_1_128' title='bbox 1854 4158 1857 4163; x_wconf 15' lang='grc' dir='ltr'>Ι</span> 
     </span>
     <span class='ocr_line' id='line_1_20' title="bbox 458 4216 1807 4354; baseline 0.003 -37"><span class='ocrx_word' id='word_1_129' title='bbox 458 4251 548 4353; x_wconf 89' lang='lat' dir='ltr'><strong>que</strong></span> <span class='ocrx_word' id='word_1_130' title='bbox 597 4216 983 4322; x_wconf 88' lang='lat' dir='ltr'><strong>Academicorum</strong></span> <span class='ocrx_word' id='word_1_131' title='bbox 1029 4218 1151 4348; x_wconf 89' lang='lat' dir='ltr'><strong>justo</strong></span> <span class='ocrx_word' id='word_1_132' title='bbox 1195 4221 1381 4315; x_wconf 90' lang='lat' dir='ltr'><strong>nomine</strong></span> <span class='ocrx_word' id='word_1_133' title='bbox 1432 4217 1556 4354; x_wconf 88' lang='lat' dir='ltr'><strong>digni</strong></span> <span class='ocrx_word' id='word_1_134' title='bbox 1590 4227 1807 4324; x_wconf 87' lang='lat' dir='ltr'><strong>existime-</strong></span> 
     </span>
     <span class='ocr_line' id='line_1_21' title="bbox 461 4409 595 4515; baseline -0.052 0"><span class='ocrx_word' id='word_1_135' title='bbox 461 4409 595 4515; x_wconf 88' lang='lat' dir='ltr'><strong>mur!</strong></span> 
     </span>
    </p>
   </div>
   <div class='ocr_carea' id='block_1_6' title="bbox 992 4587 1261 4698">
    <p class='ocr_par' dir='ltr' id='par_1_7' title="bbox 992 4587 1261 4698">
     <span class='ocr_line' id='line_1_22' title="bbox 992 4587 1261 4698; baseline -0.007 -3"><span class='ocrx_word' id='word_1_136' title='bbox 992 4587 1261 4698; x_wconf 91' lang='lat' dir='ltr'><strong>DIXI.</strong></span> 
     </span>
    </p>
   </div>
   <div class='ocr_carea' id='block_1_7' title="bbox 0 0 2280 5877">
    <p class='ocr_par' dir='ltr' id='par_1_8' title="bbox 0 0 2280 5877">
     <span class='ocr_line' id='line_1_23' title="bbox 0 0 2280 5877; baseline 0 0"><span class='ocrx_word' id='word_1_137' title='bbox 0 0 2280 5877; x_wconf 95' lang='lat' dir='ltr'><strong> </strong></span> 
     </span>
    </p>
   </div>
  </div>
 </body>
</html>
