4552 5880
986 609 1073 674 ..-
1106 623 1167 726 41
1208 650 1278 673 .-

533 814 765 926 Accuaata
809 830 939 963 igitur
972 857 1017 924 et
1050 858 1266 960 perpetua
1300 822 1552 925 observatio
1587 818 1811 956 fimpiscio·

322 1050 324 1054 ⁴
463 1043 565 1110 rum
631 1019 872 1148 organismi
930 1046 1067 1148 atque
1105 1046 1302 1114 naturae
1362 1014 1654 1127 relationum3
1712 1042 1810 1110 tum

463 1194 613 1298 sedula
667 1200 978 1301 Praeticorum
1023 1207 1313 1326 exercitati0‚
1362 1232 1584 1335 quantum
1628 1202 1814 1333 quidem

460 1385 689 1488 individua
724 1389 1002 1525 dagnostices
1015 1467 1031 1516 ,
1050 1397 1375 1531 'materiaeque
1423 1388 1625 1489 medicae
1657 1385 1817 1486 ¹obser·

462 1576 566 1675 vata
616 1577 749 1675 literis
805 1576 1075 1677 mandarunt
1089 1653 1105 1701 ‚
1157 1578 1339 1679 Medici
1395 1584 1584 1708 'practici
1645 1574 1816 1672 summa

461 1793 601 1896 atque
627 1767 726 1862 ‘una
762 1773 845 1864 erit
866 1761 1122 1897 ''proviacia
1196 1760 1494 1893 Adjiciendae
1532 1792 1665 1861 erunt
1694 1758 1813 1895 ipsae

448 1945 825 2076 observationes,
875 1964 983 2086 quas
1029 1966 1133 2050 cum
1180 1950 1365 2051 aliorum
1413 1949 1657 2051 observatis
1693 1982 1814 2051 com·

460 2137 643 2270 parabit.
718 2139 958 2276 seligenda
1011 2139 1197 2240 tandem
1241 2153 1399 2267 erunt,
1457 2175 1586 2244 more
1629 2150 1814 2268 critic0,

462 2360 580 2462 quae
649 2335 691 2429 ei
768 2336 814 2430 in
893 2363 1077 2429 omnem
1153 2362 1329 2466 partem
1392 2341 1596 2465 graviora
1673 2364 1814 2465 atque

455 2523 551 2639 ita,
602 2518 702 2646 jure
742 2523 947 2640 merim,
992 2521 1301 2618 commendari
1347 2549 1394 2616 et
1439 2517 1649 2620 affirmari
1687 2516 1814 2651 posse

460 2704 686 2806 vid'entur'.
758 2703 1029 2842 Indulgeat‚
1064 2713 1225 2842 igitur,
1262 2738 1445 2807 naturae
1483 2722 1528 2807 et
1575 2708 1812 2808 hominum

463 2891 780 3027 speculationi,
819 2905 933 3030 q'uae
949 2969 965 3016 ,
1005 2861 1083 2992 ad⁸
1105 2892 1235 2995 usum
1282 2902 1402 2994 vitae
1456 2927 1501 2995 et
1539 2904 1639 2997 artis
1689 2925 1816 2996 recte

459 3079 807 3212 constanterque
888 3077 1112 3202 adhibita,
1184 3080 1398 3178 Medicos
1467 3085 1700 3183 rationales
1765 3117 1811 3185 et

451 3267 726 3390 modestos,
761 3273 997 3398 nunquam
1039 3275 1151 3365 vero
1199 3264 1485 3400 speculationi
1520 3266 1809 3404 sophisticae,

461 3490 607 3591 quae,
659 3453 907 3556 fictionibus
953 3452 1222 3592 indulgens,
1281 3468 1539 3592 arrogantes
1575 3483 1623 3555 et
1655 3465 1815 3570 inanes

455 3643 615 3749 afficit.

455 3869 457 3873 ’
526 3837 644 3940 Hoc
694 3836 872 3963 modo,
909 3836 1147 3972 Empiria,
1183 3833 1337 3938 natura
1381 3833 1455 3936 sua
1491 3869 1628 3971 atque
1669 3837 1810 3940 modo

457 4023 714 4149 ambitum,
762 4034 838 4159 qui
895 4061 977 4158 per
1019 4026 1244 4126 scientiam
1299 4025 1440 4159 ipsam
1503 4027 1816 4130 circumscribi·

458 4243 559 4337 tur,
596 4214 780 4314 definire
810 4214 882 4312 vel
916 4212 1169 4314 distendere
1201 4221 1394 4348 poterit,
1422 4246 1562 4350 atque
1595 4215 1811 4318 Medicus

456 4400 583 4537 ipse,
644 4411 690 4503 in
747 4432 979 4538 postremo
1040 4410 1253 4537 temporis
1292 4434 1358 4575 iet
1406 4405 1567 4543 agendi
1609 4435 1811 4541 punct0,
1962 4420 1966 4429 ’

1106 4595 1148 4698 F
1287 4580 1295 4596 ’
1704 4602 1816 4735 sen·
