4552 5880
474 753 621 849 tueris.
695 823 730 872 „
768 746 992 883 Expedit,
1040 787 1258 856 monente
1299 781 1714 878 nortmanno,
1742 752 1821 855 *ad

471 935 798 1060 „stabilienda
862 937 1154 1041 fundamenta
1208 943 1367 1044 solidae
1410 977 1459 1045 et
1516 973 1649 1043 verae
1677 941 1823 1042 rnedi-

473 1199 508 1246 ‚,
545 1131 699 1249 cinae,
760 1125 980 1229 theoriam
1012 1164 1169 1230 veram
1223 1161 1271 1232 et
1312 1136 1479 1235 realem
1517 1161 1634 1231 cum.
1662 1136 1819 1262 praxi,

469 1386 506 1436 „
541 1342 720 1413 veteres
761 1347 864 1416 curn
898 1316 1216 1419 recentioribus
1247 1329 1389 1420 amice
1421 1318 1652 1421 conciliare
1680 1312 1820 1450 atque

471 1576 507 1626 ‚,
546 1507 853 1639 conjungere,
918 1508 1171 1642 multasque
1236 1507 1455 1610 salutares
1503 1513 1711 1607 veritates
1773 1513 1820 1603 in

468 1762 505 1812 „
542 1687 720 1824 fingulis
789 1722 891 1789 cum
940 1690 1108 1822 judicio
1157 1689 1365 1816 haurire,
1445 1725 1602 1826 postea
1652 1723 1748 1789 eas.
1773 1696 1819 1793 in

466 1872 747 1998 „ordinem
789 1907 836 1976 et
879 1886 1248 2005 connexionem,
1301 1880 1469 1982 attenti
1510 1878 1818 2001 meditatione,

465 2136 501 2187 „
539 2062 771 2199 digerere,
820 2097 872 2165 ut
930 2065 1131 2167 doctrina
1174 2067 1350 2170 medica
1395 2066 1599 2172 scientiae
1635 2051 1828 2169 demum¹

467 2326 502 2375 „
539 2284 653 2388 opus
688 2252 959 2388 evadat.''-(
994 2258 1062 2391 )

533 2435 732 2574 Cognitd
774 2469 926 2541 autem
962 2442 1233 2574 experientis
1271 2445 1474 2541 omnium
1518 2447 1671 2540 aetatis
1708 2440 1817 2541 Me.

465 2626 701 2753 dicorttm,
738 2626 1032 2761 expensisque
1069 2658 1230 2726 eorum
1266 2624 1575 2763 systematibus
1607 2659 1653 2726 et
1688 2659 1819 2725 conae

463 2814 613 2940 tibus,
683 2822 991 2954 cognitionem
1054 2848 1242 2917 omnem
1291 2816 1514 2916 medicam
1590 2813 1647 2914 ad
1715 2821 1817 2915 artis

458 3000 654 3102 sormam
707 2999 938 3135 redigendi
953 3039 967 3116 3
1007 2997 1246 3128 conjuncti
1288 2999 1456 3098 deinde
1499 2995 1584 3099 hnc
1615 2999 1817 3104 doetrind

463 3189 671 3325 empiricd
727 3224 830 3289 cum
889 3185 1194 3323 progressibus
1257 3194 1364 3288 varii
1425 3197 1606 3324 generis
1621 3265 1641 3314 ,
1697 3221 1816 3324 quos

460 3378 639 3479 seientia
680 3409 863 3477 naturae
911 3373 968 3474 nd
1001 3372 1125 3474 hunc
1153 3405 1297 3508 usque
1336 3375 1458 3475 diem
1489 3376 1619 3496 fecit3
1644 3374 1816 3483 servati

458 3602 594 3702 porro
635 3574 759 3667 omni
813 3562 1118 3700 cognoscendi
1140 3686 1145 3695 Ι
1171 3562 1433 3688 hermonis,
1472 3566 1645 3700 absque
1683 3568 1810 3668 ullius

455 3762 703 3901 systematis
761 3790 838 3860 aut
882 3765 1073 3888 portium
1130 3757 1276 3858 studio
1323 3760 1653 3892 praejudicat05
1690 3764 1815 3892 praxi

459 3949 644 4050 tandem
696 3939 960 4047 conservatd
1009 3942 1189 4076 simplici
1238 3971 1377 4078 atque
1422 3942 1629 4082 integri,
1686 3949 1812 4079 juxta

1732 4132 1812 4233 ob·

501 4294 1007 4386 (²¹¹)Fn.110FFMANN12
1046 4287 1133 4364 Med.
1163 4287 1249 4363 Res.
1282 4287 1414 4386 System.
1448 4292 1544 4365 Tom
1568 4293 1596 4367 1.
1629 4291 1713 4386 Cap.
1737 4293 1813 4413 VI¹

458 4419 488 4515 ς.
512 4417 644 4494 ΧΧΙΙΙ.
668 4436 744 4510 pag.
769 4412 827 4511 38.
