4552 5880
985 653 1057 687 ...
1089 624 1161 734 47
1194 657 1267 687 ..-

452 902 495 964 „
526 833 697 969 optimo
729 829 996 960 consultrix,
1025 839 1226 939 animum
1245 798 1404 980 <firmat
1442 859 1597 967 contra
1632 833 1799 965 ingenii

453 1091 496 1150 „
526 1022 778 1148 luxuriam,
825 1052 982 1124 eontra
1021 1027 1241 1156 opinionis
1274 1022 1596 1161 tyrannidem,
1643 1046 1804 1119 contra

453 1285 493 1346 „
526 1209 836 1348 pathematum
904 1208 1110 1315 fallacias.
1201 1211 1339 1319 Haec
1392 1245 1476 1314 nos
1531 1208 1588 1314 ab
1647 1204 1808 1319 audaci

332 1495 335 1500 .
455 1476 493 1530 „
526 1401 680 1502 volatu
714 1397 894 1503 retrahit
909 1477 933 1528 ,
948 1431 995 1501 et
1017 1408 1208 1539 ingenio
1230 1399 1430 1537 praecihs
1457 1399 1532 1501 alis
1568 1395 1808 1534 plumbum

458 1665 494 1718 ‚,
531 1588 652 1691 addit
664 1631 677 1708 3
713 1622 801 1691 nec
831 1622 987 1692 tamen
1010 1623 1171 1722 repere
1206 1600 1254 1696 in
1284 1588 1568 1728 lmgularihus
1614 1616 1661 1687 et
1701 1615 1809 1684 con·

458 1778 768 1909 „senescere
819 1789 1017 1914 petitur,
1084 1778 1161 1882 sed
1211 1780 1342 1880 lento
1390 1776 1539 1916 gradu
1597 1771 1812 1910 progredi-

458 2042 496 2101 „
532 1966 667 2071 docet
712 1965 769 2066 ad
829 1965 951 2069 illam.
1002 1973 1346 2105 cognitionem,
1392 1998 1535 2105 quam
1597 1965 1810 2098 mediam

461 2226 497 2282 ,‚
533 2153 757 2290 appelle,
787 2186 905 2290 quae
949 2184 1138 2267 omnem
1185 2157 1419 2261 utilitatem
1456 2154 1810 2286 facultatemque
1939 2267 1942 2272 ³

461 2413 499 2469 „
535 2341 702 2478 agendi
729 2343 1073 2476 complectitur,
1103 2341 1168 2444 ab·
1197 2351 1361 2449 hnimis
1392 2375 1541 2444 rerum
1574 2373 1621 2442 et
1651 2374 1820 2442 natuac

463 2603 504 2658 „
534 2530 695 2635 ultimis
724 2529 920 2664 prudens
952 2531 1161 2635 abstinet.
1233 2533 1312 2636 Sic
1337 2534 1552 2668 paulatim
1575 2562 1669 2633 nor
1692 2530 1812 2630 ducit

463 2744 512 2845 „·
536 2716 593 2817 od
636 2747 743 2815 eam:
783 2713 1121 2851 philosophandi
1155 2727 1534 2853 temperantiam,
1566 2751 1691 2852 quae
1706 2716 1815 2818 Mc·
1858 2740 1861 2747 ·

464 2981 500 3034 „
537 2906 689 3008 dicum
720 2904 891 3030 decet,
912 2907 1041 3040 juvat
1059 2983 1086 3032 ,
1115 2937 1284 3032 ornat,
1311 2904 1563 3010 consolatur
1596 2912 1731 3007 eriam
1766 2913 1819 3008 in

466 3168 503 3221 „
539 3092 729 3194 adversis
759 3121 812 3194 ct·
840 3095 985 3229 erigit.
1056 3091 1111 3194 Ia
1135 3103 1264 3195 enim.
1287 3093 1479 3196 demum.
1500 3127 1609 3194 vere
1641 3091 1812 3228 sapiens

467 3356 507 3409 „
540 3280 754 3385 Medicus
777 3308 877 3407 cst,
897 3288 975 3416 qui
1003 3313 1098 3386 non
1122 3284 1307 3419 amplius
1336 3284 1607 3412 arbitratur,
1625 3286 1733 3388 scire
1748 3286 1811 3412 se,

468 3545 504 3598 ,‚
540 3505 667 3605 quae
702 3479 906 3608 ignorat,
956 3477 1033 3607 qui
1074 3505 1224 3607 aequo
1260 3478 1409 3576 animo
1426 3551 1450 3602 ,s
1485 3503 1707 3610 quantum
1737 3475 1822 3599 fir,

469 3733 505 3786 „
542 3657 668 3793 quod
718 3664 1004 3784 nesciantur,
1051 3668 1280 3795 percipit,
1320 3696 1369 3764 ct
1409 3662 1546 3765 nihilo
1583 3675 1730 3768 minus
1770 3671 1816 3765 in

470 3921 506 3973 „
541 3847 696 3951 studio
725 3878 907 3951 natutae
937 3844 1242 3984 perseverat.”
1265 3852 1349 3987 (ἢ)

540 4038 706 4170 Atque
742 4042 802 4136 ita
839 4036 898 4138 ad
929 4041 1262 4187 vos,Juvenet
1298 4047 1484 4176 optimi!
1519 4078 1544 4143 a
1577 4044 1736 4180 quibus
1773 4076 1818 4142 er

472 4220 640 4326 Schola
668 4252 826 4326 nostra
842 4252 894 4323 et
914 4223 1062 4330 Patria
1076 4302 1102 4352 ,.
1115 4260 1160 4330 et
1185 4227 1432 4334 Doctritae
1457 4260 1592 4368 atque
1617 4233 1817 4354 Literna,

1689 4456 1822 4560 qliae·

524 4623 642 4723 cil
667 4649 694 4698 ε·
719 4646 792 4722 rae·
819 4649 888 4725 ⁵0³·-
