4552 5880
997 460 1174 537 -20
1207 492 1287 532 ιι·-

470 665 625 767 rienrid
670 663 820 793 duce.
877 665 1180 773 consectanea
1231 672 1419 772 certiora
1470 667 1631 770 elicere
1658 675 1826 804 potuit.

533 853 599 953 Ut
635 862 768 993 igitur
802 860 952 989 paucis
987 865 1140 960 omnia
1176 855 1641 994 comprehendamus,
1673 859 1823 958 nullus

467 1043 649 1179 quidem
700 1045 925 1184 abnegare
973 1054 1137 1182 poterit
1188 1045 1417 1148 scientiam
1476 1047 1823 1182 amplificatam,

465 1237 770 1371 cognoscendi
818 1269 971 1338 autem
1010 1269 1057 1339 et
1104 1237 1403 1377 distinguendi
1458 1244 1679 1339 rationem
1741 1244 1823 1339 ima

463 1431 685 1527 minutam
722 1424 869 1530 fuisse.
920 1427 1158 1530 Medicina
1192 1436 1325 1568 igitur
1359 1427 1605 1529 theoretica
1646 1429 1817 1561 magis,

465 1649 603 1749 quam
661 1625 855 1749 practica
901 1620 1168 1751 praevaluit,
1204 1652 1343 1752 atque
1377 1618 1492 1719 adeo
1527 1617 1675 1717 multis
1712 1643 1819 1714 con·

464 1805 722 1909 cedendum
765 1807 894 1910 facile
928 1815 1045 1939 erit,
1066 1808 1349 1914 'medicinam
1385 1820 1608 1946 priscam,
1644 1810 1817 1942 absque

461 2003 654 2098 inventis
677 2006 990 2101 recentiorum
1025 2000 1142 2101 stare
1177 2009 1334 2138 utique
1354 2000 1513 2137 posse3
1533 2030 1816 2137 postremum

459 2217 570 2287 vero
618 2187 709 2291 fine
759 2221 965 2291 veteram
998 2189 1224 2324 praefidiis
1274 2194 1351 2293 vix
1411 2224 1466 2292 ac
1515 2225 1576 2291 ne
1609 2198 1685 2294 vix
1720 2192 1818 2324 qu'a⁴
1943 2295 1945 2300 ,

459 2374 566 2473 dem
601 2376 824 2475 recenseri
858 2412 935 2476 aut
969 2381 1044 2475 vel
1077 2379 1264 2511 amplius
1296 2376 1428 2510 posse
1461 2380 1660 2513 intelligi.

524 2561 587 2665 In
640 2558 870 2664 tractanda
925 2572 1048 2667 enim
1098 2597 1192 2666 arte
1242 2558 1417 2665 medici
1463 2597 1562 2665 non
1611 2563 1814 2687 arridet,

455 2753 579 2891 quod
616 2752 847 2856 sciendum
881 2754 1062 2882 solum,
1097 2754 1174 2856 sed
1212 2754 1365 2891 quod,
1403 2785 1455 2856 ut
1504 2761 1815 2890 unusquisque

455 2944 647 3069 viderit,
684 2944 913 3081 agendum
948 2944 1012 3045 stt.
1097 2943 1160 3043 In
1205 2941 1382 3042 summo
1433 2972 1593 3042 autem·
1639 2942 1729 3044 fine
1764 2974 1812 3044 et

454 3130 640 3235 consalin
669 3132 981 3234 collocandum
1014 3134 1129 3255 erit,
1163 3128 1288 3265 quod
1322 3160 1435 3233 vero
1470 3136 1658 3232 nomine
1687 3160 1812 3268 pra·

454 3326 542 3421 trin
587 3320 787 3420 dicimus.
874 3317 1014 3420 Haec
1049 3322 1169 3415 enirn
1198 3320 1324 3450 juxta
1359 3347 1565 3420 naturam
1603 3317 1729 3420 suam
1764 3347 1810 3419 et

452 3515 680 3612 veriorem
713 3505 1078 3644 significationem
1114 3500 1226 3605 nihil
1258 3505 1353 3607 vult
1387 3503 1603 3626 inferius,
1647 3504 1726 3608 nisr
1758 3534 1810 3605 ur
1951 3568 1957 3577 ·

453 3700 631 3834 Corpus
677 3695 987 3819 Humanum,
1023 3693 1148 3796 velut
1181 3696 1382 3801 Naturae
1415 3695 1808 3833 phaenomenon,

456 3920 677 4025 quantum
735 3882 920 4019 quidem
975 3880 1072 3982 fieri
1126 3891 1322 4016 poterit,
1391 3890 1587 4019 imperio
1642 3887 1810 3986 mentis

453 4112 593 4214 atque
643 4081 779 4202 artis,
834 4074 1005 4210 fmique
1052 4071 1260 4208 supremo
1305 4070 1552 4181 satisfaciat.
1625 4075 1808 4177 Omnes

454 4269 667 4409 Corporis
717 4295 899 4400 partes,
948 4269 995 4363 in
1044 4269 1172 4365 omni
1217 4262 1437 4364 existendi
1487 4291 1566 4365 aut
1620 4260 1812 4375 vivendi

1720 4479 1801 4557 &lt
