4552 5880
1163 688 1236 721 n—
1269 668 1339 770 40
1368 693 1441 715 ..-

633 845 785 968 atttem
821 865 1042 994 Medico,
1097 880 1175 1007 qui
1224 884 1457 1008 empiriam
1501 907 1560 974 er
1603 871 1981 978 observationibtu

630 1044 717 1157 erit
751 1069 1024 1163 inventurus.
1118 1064 1230 1200 Quo
1265 1073 1508 1166 accuratius
1541 1065 1824 1186 observabit,
1883 1096 1981 1198 quo

632 1256 774 1383 tnagis
817 1249 1003 1350 aliorum
1049 1250 1282 1352 observata
1317 1255 1375 1354 ad
1409 1256 1609 1390 regulam
1644 1263 1840 1353 criticam
1872 1253 1985 1353 refe·

629 1469 730 1561 ret,
781 1436 950 1540 felicior
1012 1441 1220 1575 profecto
1268 1451 1317 1545 in
1356 1443 1617 1581 delegendis
1669 1443 1867 1577 pambus
1901 1449 1986 1540 erit

633 1621 870 1728 successus.
945 1631 1043 1761 Qui
1076 1663 1228 1728 autem
1263 1633 1538 1762 disciplinam
1571 1629 1888 1748 scientificum,
1908 1629 1985 1728 vel

630 1808 890 1915 universum
933 1813 1184 1915 medicinae
1233 1816 1491 1950 objectum,
1537 1817 1596 1916 ad
1628 1819 1735 1915 usus
1767 1825 1988 1950 practicus

632 2002 877 2130 conferat,
911 2005 1035 2103 nullo
1069 2003 1201 2135 hujus
1235 2038 1314 2104 aut
1346 2004 1422 2105 vel
1453 2011 1680 2106 rationum
1711 2006 1986 2138 peotliarum

632 2201 840 2295 examine
896 2194 1145 2317 institut0,
1214 2193 1342 2328 quod
1386 2194 1485 2329 ipfis
1538 2195 1623 2294 suis
1677 2228 1753 2294 aut
1801 2194 1991 2294 aliorum

635 2382 1018 2480 observationibus
1052 2387 1328 2504 conveniat,
1364 2415 1510 2516 aeque
1552 2381 1783 2481 infeliciori
1825 2381 1992 2516 gaude·

634 2570 701 2669 bit
761 2603 929 2669 eventu
944 2645 960 2691 ‚
1027 2599 1168 2701 atque
1215 2574 1360 2666 omnis
1410 2569 1510 2689 ille,
1577 2577 1685 2699 qui,
1739 2565 1911 2666 summi
1942 2573 1992 2665 in

636 2754 976 2857 observatarum
1032 2788 1185 2857 rerum
1249 2764 1464 2892 congerie
1528 2750 1758 2890 practici,
1824 2752 1992 2854 nullam

637 2950 859 3044 rationem
907 2940 1193 3039 scientificam
1248 2942 1453 3060 secutus,
1519 2941 1678 3038 mediis
1729 2939 1894 3038 errablt
1945 2947 1993 3039 in

638 3131 784 3233 undis.
855 3128 1028 3232 Artem
1054 3159 1208 3226 autem
1238 3125 1555 3248 scientificum,
1594 3159 1711 3261 quae
1745 3135 1841 3261 pari
1864 3125 1996 3261 passu

636 3326 684 3418 in
732 3317 854 3418 diem
903 3316 1156 3450 perficitur,
1213 3311 1464 3448 Empiriam
1496 3317 1752 3417 arctioribus
1786 3318 1995 3419 limitibus

639 3503 1104 3637 circumscripturam,
1141 3532 1420 3638 omnemque
1452 3503 1591 3625 illius,
1623 3511 1699 3604 vix
1733 3537 1786 3605 ac
1820 3539 1882 3605 ne
1915 3512 1993 3604 vix

642 3696 828 3830 quidem
878 3692 1163 3814 evitandam,
1220 3689 1582 3792 incertitudinem
1616 3721 1758 3826 atque
1793 3724 1993 3792 errorem

642 3884 962 3984 diminuturum
994 3877 1095 3976 fore
1106 3952 1122 4001 ‚
1149 3910 1234 3977 nos
1266 3877 1395 3977 facile
1429 3879 1750 4012 exspectemus.
1822 3879 1994 3982 Mone-

643 4107 769 4175 atnns
831 4103 985 4172 nmen
1053 4074 1251 4204 pariter,
1295 4126 1300 4133 ·
1341 4063 1664 4202 Empirismum
1732 4071 1993 4170 rationalem

645 4265 820 4360 summo
877 4291 984 4359 tutu
1032 4255 1179 4357 studio
1236 4254 1329 4353 esse
1385 4256 1658 4377 colendum,
1716 4264 1886 4392 quippe
1944 4267 1993 4360 in

647 4454 772 4553 omni
794 4451 917 4582 praxi
934 4443 1186 4546 exercendi
1196 4523 1212 4570 ,
1235 4444 1292 4545 ad
1313 4444 1461 4570 illum,
1477 4477 1574 4546 non
1594 4443 1994 4574 dicamlolum‚·ast

646 4643 828 4765 fidelem
863 4646 1079 4743 comitem
1113 4636 1361 4776 confugere
1396 4667 1481 4741 nos
1516 4638 1755 4773 oportebit.
1897 4641 1995 4746 Ae·
