4552 5880
1003 606 1283 707 ..42-

462 804 660 944 sensam
707 808 1030 913 medicinalem
1081 843 1126 911 ct
1163 810 1406 936 judicium
1435 808 1706 947 practicam
1740 805 1820 911 fin

469 1005 555 1099 crit
602 998 932 1127 vindicaturus,
983 1031 1035 1102 ut
1081 1000 1266 1136 perinde
1301 1000 1530 1139 diagnosm
1564 1031 1718 1101 veram
1753 1008 1848 1104 in·-

468 1185 648 1288 stituere
714 1219 761 1287 et
816 1188 1114 1292 medicamina
1171 1188 1341 1292 felicius
1399 1188 1611 1292 adhibere
1659 1218 1820 1324 queat.
1918 1314 1921 1320 .

467 1451 503 1508 ‚,
538 1372 624 1476 Eat
646 1376 808 1481 scilieet
827 1377 974 1479 sensus
995 1377 1286 1504 medicinalis,
1298 1409 1349 1480 ut
1375 1410 1481 1480 cum
1499 1376 1821 1510 nnnu10(').
1866 1394 1868 1398 ‘

465 1640 503 1691 „
537 1566 730 1699 loquar,
763 1567 944 1687 facultas
978 1566 1123 1711 longo
1151 1566 1265 1693 usu,
1298 1568 1463 1670 asstdui
1495 1565 1819 1701 speculatione,

464 1828 500 1880 ,‚
537 1780 583 1853 et
616 1751 763 1854 seduli
800 1751 1167 1856 antecedentium
1208 1787 1256 1854 et
1291 1755 1662 1890 consequentium
1696 1785 1818 1855 com·

463 2014 499 2072 „
535 1951 762 2079 paratione
799 1943 1040 2080 acquislta,
1071 1941 1347 2079 percipiendi
1387 1941 1619 2069 celeriter,
1663 1973 1711 2042 et
1755 1939 1819 2042 ab

461 2210 500 2262 „
533 2142 600 2261 iis,
624 2169 741 2272 quae
774 2133 1048 2238 extrinsecus
1076 2165 1329 2271 apparent,
1361 2100 1666 2274 cognoscendi
1687 2164 1815 2268 prao·

464 2397 500 2449 ,‚
535 2322 711 2424 sentem
766 2324 982 2459 Corporis
1020 2324 1366 2446 conditionem,
1403 2322 1549 2424 morbi
1582 2327 1820 2457 genium,

460 2585 500 2638 „
531 2543 715 2614 naturae
757 2519 907 2641 vires,
945 2547 1107 2618 cuncta
1149 2514 1377 2648 denique,
1404 2519 1534 2646 ‘quae
1579 2511 1704 2646 spem
1735 2540 1812 2613 aut

459 2775 497 2828 „
531 2729 705 2803 metum
744 2701 927 2806 faciunt.
1003 2703 1133 2805 Huic
1165 2669 1309 2804 sensui
1342 2700 1546 2839 adjungit
1589 2697 1814 2834 judicium

458 2962 495 3015 „
530 2897 812 3037 practicum;
846 2890 959 2991 haec
1010 2890 1277 2990 nobilissnna
1319 2897 1419 2991 veri
1457 2889 1637 2996 Medici
1678 2887 1820 2989 facul·

459 3150 497 3204 „
531 3065 625 3202 tas;
661 3069 868 3179 diuturni
902 3075 1204 3210 speculatione
1250 3104 1296 3173 et
1331 3074 1622 3178 meditatione
1658 3050 1813 3211 acqui·

460 3340 495 3391 „
530 3264 607 3366 stta
620 3337 641 3391 ,
690 3297 809 3401 quae
852 3262 996 3388 facit,
1032 3295 1084 3364 ut
1144 3262 1278 3363 exiles
1335 3259 1637 3389 differentias,
1692 3295 1816 3400 quae

459 3448 737 3591 „vulgares
794 3450 1009 3555 Medicas
1058 3452 1240 3590 fugiunt
1252 3527 1275 3577 ,
1320 3457 1372 3554 in-
1418 3450 1585 3589 magni
1631 3451 1815 3553 casuum
1860 3500 1866 3517 1

459 3719 494 3769 „
531 3640 807 3742 fimilitudine
863 3647 1075 3775 percipiat
1088 3717 1111 3767 ,
1155 3639 1461 3778 vi'cisfimque,
1498 3641 1573 3740 ubi
1615 3648 1814 3747 ma'ximt

458 3904 494 3957 ,‚
529 3858 655 3930 extus
712 3820 966 3962 disparilitas
1027 3828 1124 3930 esse
1179 3829 1371 3931 'ridetur
1381 3905 1399 3955 ,
1455 3828 1523 3929 ibi·
1551 3826 1812 3932 caussarum

456 4093 493 4148 „
527 4011 901 4153 morborumque
932 4023 1156 4120 unitatem
1195 4016 1326 4156 saepe
1373 4032 1621 4156 agnoscat,
1681 4028 1815 4122 it'em·

1749 4242 1814 4311 lle

502 4368 572 4465 (a)
590 4371 622 4465 J,
647 4370 698 4445 1).
721 4369 929 4462 Htttntt,
964 4366 1088 4442 omre
1102 4368 1140 4442 dc
1161 4364 1289 4442 macco
1311 4361 1541 4464 Spcmlatorr,
1563 4284 1681 4446 Lali?
1701 4242 1813 4470 ¹395*

449 4516 526 4591 pag.
553 4491 611 4591 58.
