4552 5880
988 598 1318 703 ..29..‚

455 810 492 926 „
527 829 616 932 ope
638 784 858 899 rationum
874 799 1157 935 aequalium,
1176 832 1287 937 quas
1307 801 1417 900 ratio
1438 795 1530 933 ipsa
1553 829 1657 898 cum
1675 794 1802 895 sensu

454 1064 490 1114 „
526 1017 683 1088 nostro
728 991 994 1125 conjungit,
1029 1023 1080 1090 ut
1103 1019 1155 1091 ut
1200 990 1267 1091 illa
1304 989 1488 1090 facultas
1522 983 1803 1087 abstrahendi

454 1186 500 1304 „'
524 1186 775 1313 nuncupari
811 1179 948 1306 solet,
981 1179 1071 1315 qud
1097 1183 1140 1274 tl
1152 1185 1358 1320 sttnplaat
1380 1258 1396 1308 ,
1415 1215 1441 1281 e
1460 1177 1589 1280 sensu
1617 1178 1800 1278 ductum

454 1445 490 1493 „
515 1362 583 1468 ¹ad
604 1364 876 1503 universale
898 1369 1198 1472 transferatur.
1254 1371 1454 1506 Absque
1480 1375 1690 1469 exercitio
1710 1366 1805 1463 sen·
1920 1447 1926 1453 .

453 1627 491 1680 ,,
529 1554 656 1654 suum
686 1564 821 1691 igitur
865 1557 985 1657 nulla
1026 1591 1094 1659 ars
1124 1557 1297 1660 medica
1326 1557 1456 1682 dari,
1490 1556 1598 1658 ficut
1633 1553 1809 1688 absque

454 1818 491 1868 „
527 1751 688 1848 mentis
715 1743 1029 1878 applicatione,
1049 1778 1169 1879 quae
1204 1773 1363 1844 monet
1397 1741 1504 1876 quid
1535 1744 1610 1842 vel
1647 1741 1809 1841 abstra-

455 2008 491 2059 „
526 1932 728 2035 hendutrl
751 1968 825 2034 aut
837 1933 1048 2065 judiciose
1064 1932 1352 2034 formandum
1373 1931 1440 2057 ltt,
1462 1933 1557 2032 fieri
1577 1952 1811 2066 nunquam

454 2195 490 2245 „
526 2127 692 2254 poterit
711 2116 987 2255 Experiendi
1008 2128 1119 2220 ratio
1141 2126 1272 2257 igitur
1299 2118 1494 2257 sequitur
1514 2119 1678 2219 statum
1701 2151 1802 2217 nor-

456 2307 698 2430 „malem
741 2315 982 2444 organismi
1032 2315 1174 2408 nostri
1215 2339 1292 2407 aut
1328 2307 1635 2410 abnormalem
1648 2280 1664 2431 ,
1699 2307 1809 2436 ejus·
1898 2427 1902 2434 Ι

458 2530 495 2623 ·,,
531 2530 622 2632 que
689 2496 765 2598 vel
819 2503 1182 2601 imminutionem
1226 2501 1301 2602 vel
1348 2498 1679 2624 sublationem,
1740 2505 1810 2597 cui

442 2654 445 2659 ‚
458 2684 509 2812 „'
531 2685 786 2784 observatio
846 2685 1081 2785 sensuum·
1111 2686 1297 2787 dederat
1358 2695 1620 2809 materiem,
1675 2717 1812 2818 quam

458 2948 495 3000 „
532 2907 646 2974 vero
686 2877 799 2974 ratio
842 2905 890 2972 et
921 2876 1137 3006 judicium
1179 2877 1235 2978 ad
1277 2879 1417 2981 finem
1458 2879 1814 3014 therapeuticum

461 3068 617 3184 „rite
655 3061 954 3160 aestimabunt
996 3095 1136 3193 atque
1185 3067 1241 3161 ad
1293 3066 1424 3161 usum
1465 3075 1711 3195 practicum
1746 3097 1812 3162 re·

459 3323 498 3372 „
530 3246 696 3348 ferent.
779 3243 1136 3382 Comprehendit
1194 3244 1270 3347 illa
1304 3250 1605 3384 pernoscendi
1648 3237 1813 3391 conge·

461 3511 497 3561 „
533 3441 674 3560 riem,
710 3428 848 3571 'quae
901 3465 999 3536 non
1050 3433 1309 3533 meditando
1353 3438 1498 3535 solum
1537 3468 1614 3534 aut
1656 3472 1813 3572 argute

462 3622 801 3756 „disputando
868 3651 1155 3756 compamtur
1168 3699 1184 3748 ,
1255 3624 1379 3756 cujus
1449 3658 1560 3726 vero
1621 3635 1816 3761 pretium

463 3811 667 3937 „rebus
704 3809 801 3944 ipsts
839 3815 1033 3912 externis
1070 3811 1330 3947 dijudicatur
1338 3855 1352 3932 3
1389 3845 1484 3914 non
1521 3821 1653 3951 igitur
1690 3815 1814 3952 quod

465 4029 620 4132 „pro
694 3997 875 4099 arbitrio
948 4005 1092 4132 capias
1156 4032 1233 4099 aut
1276 4005 1480 4133 rejicias,
1519 4037 1585 4101 ast
1648 4005 1816 4138 aquuid

467 4263 503 4311 „
537 4182 858 4305 necessarium3
914 4183 1057 4287 verbo
1069 4263 1086 4312 ,
1138 4188 1355 4320 ejusmodi
1415 4199 1645 4327 cognitio,
1696 4226 1817 4330 quae

469 4381 852 4506 „experimento
897 4379 1077 4501 nititur,
1114 4378 1327 4517 cujusque
1364 4368 1524 4487 vetitas
1574 4419 1599 4485 a
1635 4391 1823 4498 nemine

1093 4561 1214 4702 D3
1770 4578 1970 4673 in-
