4552 5880
983 533 1263 670 -36-

454 771 493 886 „
526 766 595 863 nis
629 761 801 899 legibus
836 761 1078 892 fundatae,
1101 767 1317 903 dignitas:
1361 762 1580 867 constabit
1600 764 1803 868 Naturae

456 1023 491 1074 „
527 950 600 1051 fua
635 958 770 1052 virtus
804 951 997 1087 suusque
1031 958 1079 1053 in
1110 954 1288 1089 agendo
1324 953 1476 1079 ordo,
1523 953 1678 1053 relicto
1711 943 1803 1083 me·

456 1212 494 1264 „
531 1139 637 1238 dicis
671 1138 762 1238 solo
796 1139 1014 1277 gloriosae
1047 1148 1094 1241 in
1127 1141 1329 1243 Naturae
1364 1136 1564 1273 parendo
1588 1136 1805 1290 servitutis

458 1398 494 1447 „
530 1322 753 1427 honore.’'

523 1508 734 1613 Eandem
784 1512 926 1619 Viam
960 1512 1029 1616 A.
1066 1512 1171 1637 A„
1206 1516 1399 1614 inierunt
1457 1515 1591 1612 etiam
1651 1513 1807 1641 optimi

453 1695 658 1798 hodierni
714 1705 928 1832 temporis
964 1696 1158 1801 Medici.
1233 1697 1425 1801 Scholae
1460 1700 1555 1800 illac
1598 1699 1806 1821 Patriae,

454 1915 569 2019 quae
603 1884 722 1984 illam
756 1886 893 1986 veluti
928 1911 1073 1986 tutam
1108 1916 1160 1982 ac
1189 1882 1389 1987 securam
1410 1883 1807 2007 commendabant,

453 2074 664 2178 doctores
697 2077 950 2179 habuerunt
985 2075 1251 2177 celebriores
1287 2108 1331 2175 et
1367 2076 1600 2211 discipulos
1629 2082 1807 2210 pariter,

453 2260 695 2388 industrii,
723 2259 938 2386 scicntia,
975 2294 1099 2387 arte,
1135 2261 1447 2368 ornatissimos.
1518 2262 1808 2366 [defervescit

456 2454 592 2548 etiam
626 2446 685 2547 de
720 2478 928 2580 tempore
961 2444 1112 2551 infelix
1147 2453 1296 2546 omnia
1318 2445 1562 2573 miscendi,
1586 2448 1812 2574 diruendi,

456 2634 738 2735 convellendi
760 2634 909 2735 furor:
925 2635 1020 2765 jam
1042 2631 1097 2776 ad
1119 2632 1351 2754 meliorem
1373 2662 1577 2736 mentem
1599 2635 1811 2760 redeunt,

455 2850 568 2955 quos
601 2818 923 2924 inconfiderata
959 2851 1110 2920 rerum
1147 2852 1370 2922 novarum
1404 2854 1491 2922 nec
1526 2832 1819 2955 expertarum

376 3071 378 3075 ι
453 3005 664 3139 cupiditas
721 3003 1031 3104 infamaverat.
1134 3004 1345 3136 „Quae
1401 3013 1555 3130 enim,
1611 3039 1659 3107 ut
1709 3011 1812 3140 jure

453 3270 490 3322 „
525 3197 701 3296 summo
750 3192 861 3292 dixit
911 3219 1282 3314 snourvrus,
1339 3198 1385 3293 in
1436 3193 1594 3295 naturd
1628 3195 1811 3298 fundata

450 3459 486 3509 „
525 3381 657 3507 sunt,
697 3410 900 3480 crescunt
971 3406 1020 3477 et
1055 3375 1384 3509 perficiuntur,
1436 3414 1555 3514 quae
1612 3394 1808 3489 veroin

456 3643 493 3697 „
529 3574 743 3703 opinione
779 3563 1051 3689 versantur,
1087 3596 1184 3665 non
1218 3566 1485 3702 augentut.’'
1521 3570 1605 3704 (θ)

522 3753 604 3855 Illa
638 3761 771 3889 igitur
804 3757 910 3873 via,
939 3782 1106 3884 quam,
1158 3783 1263 3851 cum
1298 3751 1571 3879 Veteribus,
1629 3759 1811 3892 ingressa

459 3938 641 4042 fuerunt
674 3963 1091 4060 saouuunuus,
1116 3965 1509 4070 aouaunvrus,
1544 3974 1616 4050 rt.
1639 3977 1811 4048 uors-

1659 4163 1809 4237 ΜΔΝ·

508 4363 578 4463 (*)
605 4368 628 4446 l.
652 4388 678 4439 c.
702 4366 782 4442 Lib.
805 4360 856 4455 1.,
881 4360 965 4456 Cap.
988 4360 1070 4437 XII.
1094 4381 1127 4453 p.
1156 4378 1239 4458 ιη.
